1688 2978
189 204 382 260 Denique
427 221 553 261 quem
595 221 726 248 unum
770 207 900 249 etiam
946 206 1199 248 manifestae
1243 203 1590 260 interpolationis

74 274 249 329 coargui
282 289 407 328 posse
439 277 544 328 puto
578 291 764 331 versum,
801 277 895 318 loco
934 278 1074 318 exstat
1105 275 1432 318 intricatissimo
1471 289 1508 316 v·
1535 274 1590 316 37

76 345 214 399 —44,
247 359 373 399 quem
405 345 468 387 ita
500 345 755 401 Spengelius
787 346 1027 389 constituit:

135 437 277 492 Atque
310 439 416 481 haec
449 440 637 482 celamus
669 443 818 483 nostra
849 441 1004 482 damna
1035 440 1259 495 industria,

135 508 273 557 Quom
305 511 397 550 re'm
428 510 638 565 fidemque
669 513 830 566 nosque
862 513 1028 553 nosmet
1060 510 1291 565 perdimus,

134 577 200 620 Ne
234 578 310 634 qus
338 581 530 634 parentis
562 583 645 622 neti
679 582 852 636 cognati
884 581 1092 623 sentiant:

136 650 250 697 Quos
284 652 410 703 quom
446 651 633 691 celamus
666 650 705 692 si
733 652 917 693 faximus
950 651 1141 693 c6nseios

135 719 216 768 Qui
248 722 420 762 nostrae
453 721 586 762 aetati
618 722 874 776 tempestive
907 723 1159 776 temperent,
1202 710 1208 715 ’

134 789 195 831 Ut
226 805 278 831 ne
312 791 541 845 anteparta
572 791 721 833 demus
753 793 1115 847 postpartoribus7

135 860 283 902 Faxi'm
316 862 518 903 lenonum
551 864 594 903 et
626 864 864 904 scortorum
897 863 1079 917 posthae
1111 861 1250 903 minus

134 930 193 972 Et
225 930 365 973 minus
399 932 704 974 damnosorum
735 933 959 974 hominum
992 947 1121 987 quam
1153 946 1264 973 nunc
1297 935 1398 973 sunt
1428 932 1550 973 sient.

74 1023 244 1065 Minora
275 1026 323 1064 ut
354 1026 482 1064 antea
514 1024 736 1065 absolvam
766 1025 816 1064 de
849 1040 885 1065 v.
901 1025 954 1065 37
989 1026 1200 1078 quotquot
1231 1023 1368 1065 adhuc
1399 1025 1592 1078 prolatae

73 1097 172 1134 sunt
205 1093 474 1135 coniecturae
488 1091 553 1148 ¹⁰⁸)
573 1094 626 1135 ad
658 1109 785 1135 unam
818 1109 965 1135 omnes
998 1095 1259 1135 reiectaneae
1291 1097 1403 1148 sunt,
1435 1095 1591 1149 quippe

73 1179 180 1218 quae
213 1178 238 1205 a
269 1163 360 1205 cod.
384 1163 419 1204 B
451 1177 537 1205 nos
567 1165 789 1206 clammina
813 1165 1019 1206 industria
1044 1164 1388 1218 proficiscantur:
1421 1164 1493 1205 sed
1518 1177 1593 1205 nos

73 1234 276 1288 quoniam
309 1232 384 1275 OD
417 1233 641 1286 omittunt,
686 1247 923 1287 pronomen
953 1248 1041 1275 non
1072 1233 1213 1274 minus
1245 1248 1295 1275 ex
1328 1247 1453 1274 versu
1485 1233 1593 1275 inse-

72 1307 227 1358 quente
259 1305 482 1358 irrepsisse
515 1304 789 1346 statuendum
821 1304 920 1358 erit,
957 1304 1030 1345 ubi
1067 1304 1179 1345 idem
1218 1303 1365 1346 eodem
1397 1304 1491 1345 loco
1525 1319 1591 1346 ex-

74 1377 178 1428 stat,
224 1389 352 1428 quam
397 1389 433 1415 v.
465 1374 521 1415 46
555 1372 648 1428 (47)
695 1374 791 1426 Qud
822 1388 918 1416 nus
949 1375 1046 1416 olim
1092 1388 1141 1415 ex
1186 1388 1221 1415 v.
1254 1374 1309 1416 47
1345 1365 1439 1430 (46)
1478 1374 1593 1416 Nam

70 1458 291 1496 nusquam
323 1427 391 1484 v¹el
424 1444 474 1484 de
506 1458 588 1497 quo
620 1458 660 1496 p.
684 1444 736 1484 18
774 1444 869 1484 adn.
890 1444 944 1485 38
987 1444 1073 1484 dixi
1113 1444 1269 1496 odium,
1307 1443 1381 1484 ubi
1412 1446 1592 1498 utroque

72 1514 165 1556 loeo
199 1513 273 1557 OD
311 1513 459 1556 itidem
498 1513 577 1555 has
610 1528 734 1555 voces
766 1516 880 1555 recte
914 1514 1130 1556 omittunt.
1192 1513 1285 1554 Iam
1317 1512 1353 1554 si
1384 1513 1592 1556 habemus

71 1584 205 1636 Atque
245 1584 341 1625 haec
380 1583 556 1625 celamus
595 1583 819 1624 dammim
860 1584 1082 1637 industria,
1126 1583 1319 1638 quamvis
1360 1597 1498 1637 prona
1537 1583 1594 1624 sit

73 1654 270 1697 ‘damna’
303 1653 505 1707 mutatio,
543 1656 689 1694 'tamen
726 1654 831 1695 clam
868 1654 972 1695 illud
1003 1669 1273 1709 nequaquam
1305 1654 1592 1708 spernendum

72 1728 157 1778 est,
191 1725 290 1780 quia
322 1725 424 1765 item
457 1725 596 1764 exstat
627 1722 755 1764 Poen.
788 1723 839 1777 V,
870 1725 916 1778 4,
948 1725 1023 1766 69:
1060 1724 1259 1766 celavistis
1289 1724 1395 1765 clam
1425 1737 1487 1765 me
1517 1722 1588 1780 (cf.

73 1796 228 1849 Amph.
261 1811 298 1836 v.
329 1793 447 1849 490).
510 1792 589 1835 Cui
631 1809 726 1835 cum
768 1795 898 1836 etiam
938 1794 1019 1836 hoc
1060 1795 1154 1837 loco
1196 1795 1487 1837 accusativum
1520 1794 1592 1836 ad-

72 1865 255 1907 dendum
296 1879 388 1906 esse
428 1866 760 1916 consentaneum
800 1865 873 1919 sit,
916 1879 1003 1906 non
1040 1865 1129 1906 sine
1166 1865 1474 1920 probabilitate
1506 1864 1602 1917 offas

71 1936 340 1976 intercidisse
379 1935 651 1976 coniciemus.
721 1934 916 1989 Denique
954 1949 1050 1976 oum
1090 1936 1298 1977 industria
1338 1934 1468 1975 etiam
1509 1935 1592 1976 dici

72 2005 141 2046 vix
180 2005 320 2059 possit
356 2004 439 2046 nisi
478 2007 551 2046 aut
588 2005 636 2045 de
667 2004 732 2045 vel
763 2018 812 2046 6oe
841 2005 1162 2059 praepositione
1195 2004 1340 2046 addita
1372 2007 1446 2046 aut
1477 2004 1592 2046 adie-

72 2076 185 2117 ctivo
218 2075 403 2130 quodam
436 2100 492 2104 —
524 2074 575 2116 cf.
608 2074 727 2116 Asin.
760 2090 798 2116 V.
829 2075 933 2128 2123
966 2075 1109 2116 Aulul.
1140 2073 1221 2129 ΙΙΙ,
1253 2076 1292 2129 2,
1324 2075 1368 2129 63
1408 2073 1502 2117 Cas.
1533 2074 1589 2129 ΙΙ,

74 2148 113 2200 3,
146 2147 221 2200 603
266 2145 395 2187 Poen.
427 2145 465 2199 Ι,
496 2146 536 2199 2,
569 2145 613 2199 93
658 2144 843 2186 Mostell.
876 2160 913 2186 v.
945 2145 1050 2198 3483
1095 2143 1190 2185 Cas.
1222 2145 1329 2199 prol.
1362 2160 1397 2187 v.
1429 2145 1487 2186 45
1522 2169 1587 2200 —,

73 2218 134 2257 sic
171 2218 275 2270 puto
315 2215 571 2268 scripturam
609 2217 684 2255 aut
714 2229 859 2256 veram
898 2217 972 2256 aut
1003 2214 1092 2255 veri
1124 2215 1389 2256 simillimam
1420 2229 1590 2269 recupe-

72 2285 281 2326 rabimus:

199 2367 341 2422 Atque
374 2367 481 2408 haee
514 2366 702 2408 celamus
736 2367 844 2408 clam
878 2367 1035 2419 [omnis
1068 2369 1256 2419 su]mma
1286 2367 1510 2409 industria.

74 2461 207 2503 Porro
234 2477 271 2503 v.
292 2463 350 2503 40
384 2462 492 2514 Quos
515 2475 652 2515 quom
677 2462 853 2503 celamus
876 2463 913 2504 si
934 2462 1120 2514 fascimus
1145 2463 1320 2504 conscios
1351 2461 1464 2516 quod
1495 2476 1589 2503 cum

170 2579 250 2621 108)
295 2578 390 2613 Ante
435 2577 674 2622 Spengelium
718 2577 966 2613 Camerarium
1009 2577 1195 2622 scripsisse
1239 2587 1485 2613 commemoro
1527 2587 1592 2612 nos

75 2638 212 2671 ‹lcmma
238 2647 314 2670 una
339 2636 537 2677 industria,
563 2635 787 2670 Gronovium
814 2648 879 2671 nos
904 2637 995 2671 clam
1015 2637 1110 2671 mira
1130 2636 1202 2680 (vel
1220 2637 1373 2680 summa)
1394 2636 1590 2678 industria,

75 2695 247 2730 Bothium
275 2696 411 2730 damna
436 2706 501 2730 nos
526 2696 722 2730 industria.
774 2695 901 2739 Nuper
926 2697 1050 2730 autem
1077 2695 1242 2740 Buggius
1268 2694 1399 2729 Philol.
1425 2695 1451 2728 t.
1472 2694 1591 2728 XXXI

73 2759 185 2800 p.249
212 2754 401 2800 proposuit
432 2765 497 2789 nos
521 2755 657 2789 damna
681 2766 759 2789 una
783 2755 981 2796 industria,
1006 2765 1092 2789 casu
1118 2755 1161 2788 ut
1184 2753 1330 2788 videtur
1355 2765 1437 2788 cum
1464 2752 1590 2788 Came·

74 2814 169 2849 rui-io
196 2804 429 2857 couveniens,
456 2825 497 2848 ao
523 2813 608 2849 dein
634 2825 703 2858 quo
729 2825 795 2858 pro
821 2824 925 2858 quom
951 2813 1032 2848 coll.
1062 2812 1190 2847 Pseud.
1217 2824 1251 2847 v.
1278 2814 1346 2847 318
1360 2823 1412 2856 sq.
