1688 2978
690 90 975 131 --14-

286 191 473 246 [Ll'ngua
513 193 627 234 dicta
668 193 809 234 dulcia
850 194 962 235 datis
1005 195 1128 235 corde
1168 209 1314 236 amara
1351 194 1467 236 facta
1504 195 1592 249 agi-

851 264 985 315 tatis]

130 332 238 373 Ast.
282 332 382 374 Non
414 332 565 388 istaec,
597 348 692 375 mea
723 332 981 388 benignitas,
1013 333 1155 375 decu1't
1187 335 1237 376 de
1270 334 1468 389 fabulari,

285 403 366 446 Sed
393 405 500 447 istos
527 406 598 460 qui
621 421 714 448 cum
736 404 873 461 geniis
895 405 982 447 suis
1004 405 1263 461 belligeram:
1283 406 1591 461 parcipromos‘:

286 475 487 517 Amantis
522 476 557 517 si
591 476 663 530 qui
692 478 780 517 non
812 476 992 529 danunt,
1023 500 1078 505 -—
1111 480 1197 517 non'
1229 476 1357 517 didici
1389 476 1591 518 baiolare.

130 544 205 586 Di.
278 544 429 587 Mala⁷s
462 549 588 601 atque
621 546 768 587 eadem
801 547 908 600 quae
940 547 1050 587 soles
1084 546 1312 588 inlecebra.
1374 550 1440 589 cet.

190 625 302 668 Satis
341 627 475 682 igitur
514 643 719 683 apparere
753 631 857 682 puto
890 628 1020 669 etiam
1052 629 1166 669 hunc
1197 629 1339 670 locum
1372 629 1476 670 adeo
1508 643 1593 670 non

71 698 351 751 comprobare
390 697 728 739 Ambrosianum
768 697 1073 753 Palatinosque
1118 699 1285 740 diversa
1327 699 1485 740 referre
1529 699 1592 739 hi-

71 768 281 808 strionum
315 768 594 822 exemplaria,
632 770 680 809 ut
719 768 954 808 communis
992 768 1163 822 utrique
1195 769 1432 810 recensioni
1464 769 1591 810 inter-

69 838 237 890 polatio
270 838 532 880 contrarium
565 839 710 892 potius
743 838 923 879 evincat.

188 907 383 962 Denique
421 934 478 937 —-
516 911 563 950 ut
601 909 762 950 leviora
802 907 1059 964 omittamffi)
1102 935 1151 938 —
1195 909 1246 951 ad
1285 909 1466 952 maiores
1498 923 1593 965 gra-

70 978 294 1032 vioresque
327 979 590 1032 corruptelas
624 979 667 1019 in
701 979 848 1019 eodem
881 979 1103 1033 utriusque
1136 979 1371 1033 archetypo
1403 980 1590 1020 nitentes

68 1048 176 1089 illud
208 1049 396 1102 pertinet
428 1063 574 1090 versus
607 1048 668 1102 II,
704 1050 745 1103 1,
782 1050 951 1091 14—16
985 1064 1035 1090 ex
1068 1049 1283 1091 consimili
1316 1049 1424 1091 alius
1457 1050 1592 1091 cuius-

69 1119 169 1158 dam
195 1119 439 1159 comoediae
466 1119 561 1160 loco
587 1119 670 1159 huc
695 1120 890 1173 intrasse,
923 1120 1036 1173 quod
1067 1122 1157 1160 tam
1188 1119 1425 1160 luculenter
1443 1120 1590 1161 Fleck-

68 1189 241 1230 eisenus
293 1189 472 1243 detexit,
521 1190 735 1231 neminem
785 1192 833 1231 ut
883 1189 1244 1232 contradicturum
1296 1203 1388 1231 esse
1432 1192 1589 1243 putem.

68 1258 233 1309 Quibus
274 1259 360 1300 alia
397 1259 665 1315 adiungenda
704 1262 846 1314 erunt,
892 1260 928 1301 si
966 1260 1061 1315 quis
1100 1273 1228 1313 quam
1266 1273 1361 1300 vere
1394 1259 1506 1300 idem
1539 1260 1590 1301 de

68 1344 267 1370 versuum
299 1329 352 1382 Π,
379 1333 411 1383 1,
447 1330 620 1371 13-34
653 1331 985 1385 interpolatione
1018 1331 1147 1371 latius
1179 1332 1352 1385 patente
1385 1331 1588 1384 sus'picio-

69 1415 167 1441 nem
200 1400 348 1454 movit,
380 1400 587 1454 peculiari
620 1415 750 1455 opera
782 1398 1181 1455 pertractaveritffi).

188 1611 269 1654 Sed
312 1628 419 1668 quae
461 1628 512 1654 ex
552 1612 771 1667 utriusque
809 1612 942 1655 fontis
980 1612 1275 1667 discrepantiis
1314 1612 1587 1655 difficultates

65 1687 302 1724 nascuntur
335 1699 430 1725 cum
464 1698 627 1737 sperem
661 1683 765 1736 fore,
798 1686 845 1724 ut
870 1684 951 1724 hac
977 1698 1103 1738 quam
1130 1683 1397 1724 instituimus
1429 1684 1586 1739 disqui-

66 1756 221 1796 sitione
254 1754 399 1808 aliqua
432 1769 481 1795 ex
513 1757 633 1808 parte
666 1754 912 1795 sublevatae
940 1754 1219 1808 sublataeque
1246 1754 1343 1808 sint,
1374 1754 1470 1808 ipsa
1494 1754 1585 1796 fon-

48 1827 173 1866 -tium
205 1825 457 1878 depravatio
489 1839 576 1864 non
610 1824 774 1863 desinet
806 1824 1051 1864 criticorum
1076 1823 1251 1877 ingenia
1275 1838 1480 1865 exercere.
1518 1824 1585 1865 Ad

66 1896 268 1937 molestas
291 1897 430 1937 auten]
466 1894 511 1938 in
542 1892 648 1948 ipsis
668 1893 811 1935 verbis
843 1893 1117 1935 restituendis
1150 1893 1437 1935 dubitationes
1458 1908 1585 1948 quae-

66 1967 228 2009 stiones
274 1966 481 2008 accedunt
522 1966 875 2007 intricatissimae
914 1964 964 2006 de
1003 1965 1188 2019 pristina
1221 1965 1396 2006 fabulae
1434 1964 1584 2019 forma,

65 2038 115 2079 de
153 2038 319 2079 lacunis
360 2037 594 2078 maioribus
628 2037 967 2091 minoribusque,
1007 2036 1188 2090 denique
1227 2036 1277 2077 de
1309 2036 1584 2089 ipsapoetae

65 2104 455 2162 compositionem).
518 2105 634 2154 Quae
676 2105 844 2160 quidem
887 2106 1158 2160 quaestiones
1199 2108 1246 2146 ut
1287 2119 1413 2159 saepe
1454 2106 1583 2146 etiam

66 2179 117 2220 ad
160 2177 334 2231 singula
372 2175 668 2218 constituenda
706 2175 853 2230 magni
891 2178 990 2216 sunt
1028 2173 1235 2217 momenti
1280 2191 1328 2217 ac
1373 2176 1584 2230 ponderis,

158 2344 217 2385 25)
244 2341 357 2375 Velut
382 2339 480 2384 quod
508 2340 534 2383 Ι,
561 2344 593 2382 2,
614 2342 658 2374 83
685 2340 838 2383 uterque
865 2339 946 2373 fons
972 2350 1058 2374 nam
1085 2341 1122 2374 et
1146 2343 1178 2374 te
1203 2339 1317 2374 habet
1344 2350 1409 2383 pro
1433 2350 1520 2373 num
1546 2340 1584 2373 et

62 2412 115 2435 me
141 2411 163 2434 a
189 2399 386 2444 Spengelio
413 2398 602 2443 repositis,
642 2399 700 2432 vel
727 2399 759 2441 Ι,
786 2403 824 2442 2,
854 2403 935 2441 101,
973 2399 1038 2433 ubi
1064 2400 1149 2434 abeo
1174 2411 1240 2444 pro
1268 2400 1355 2433 adeo
1381 2397 1581 2440 continent,

62 2459 121 2493 vel
148 2459 193 2502 ΙΙ,
220 2463 252 2502 2,
276 2464 329 2502 11,
355 2458 418 2492 ubi
444 2468 505 2502 eqo
531 2456 728 2491 delendum
756 2468 834 2491 csse
860 2458 1117 2492 Fleckeisenus
1143 2457 1238 2493 vidit
1261 2457 1284 2492 l.
1313 2470 1338 2492 s.
1366 2469 1394 2491 s.
1420 2458 1445 2491 t.
1474 2455 1519 2490 CI
1545 2468 1580 2501 p.

64 2522 130 2553 783
166 2519 204 2553 et
234 2518 319 2563 post
344 2529 427 2551 eum
454 2515 673 2551 Boeckelius
699 2516 721 2551 l.
750 2528 775 2551 s,
804 2528 829 2551 S.
856 2528 890 2561 p.
918 2520 962 2551 20
989 2518 1112 2561 (antea
1137 2517 1230 2551 enim
1257 2515 1492 2561 Spengelius,
1529 2527 1582 2550 me

61 2578 287 2612 Dombartus
319 2576 594 2617 removebant);
633 2575 676 2608 cf.
706 2576 737 2616 Ι,
764 2579 801 2617 2,
829 2579 890 2617 903
931 2576 980 2618 ΙΙ,
1008 2580 1044 2618 1,
1072 2580 1126 2609 23.
1179 2575 1251 2609 Sed
1281 2574 1373 2609 talia
1404 2585 1476 2608 non
1508 2574 1579 2608 suf-

61 2634 172 2668 ficiun
195 2662 201 2668 .

157 2636 215 2735 22)
248 2693 271 2726 l.
300 2706 326 2727 S.
354 2706 378 2727 s.
405 2705 440 2736 p.
469 2696 556 2734 851,
583 2690 670 2726 ibid.
697 2692 723 2726 t.
746 2690 824 2725 CIII
851 2693 898 2734 (a.
920 2695 1023 2729 1871)
1049 2705 1084 2736 p.
1112 2695 1190 2727 818.
1242 2691 1376 2725 Versus
1403 2695 1446 2725 20
1473 2692 1511 2726 et
1535 2695 1579 2726 25

59 2752 160 2785 locos
188 2762 269 2784 esse
295 2751 495 2794 parallelos
521 2750 685 2794 Buggius
712 2750 807 2784 vidit
831 2750 855 2783 l.
883 2762 909 2783 s.
937 2763 962 2784 s.
990 2762 1023 2794 p.
1051 2754 1136 2784 407:
1163 2750 1226 2783 sed
1252 2751 1394 2783 restant
1417 2749 1501 2784 alia.

155 2812 213 2853 27)
241 2809 293 2844 Cf.
323 2808 565 2854 Kiesslingius
591 2809 614 2843 l.
642 2821 668 2843 s.
696 2821 722 2842 s.
748 2821 786 2853 p.
813 2812 889 2844 612.
