1688 2978
686 64 979 104 ..48-

73 179 98 206 a
129 164 317 206 librariis
350 165 595 220 suppletum
629 169 709 221 est,
754 165 1044 220 septenarium
1078 165 1340 208 trochaicum
1372 165 1592 207 constitui-

72 248 166 274 mus
211 249 484 276 numerorum
523 237 793 278 vehementia
837 238 1026 291 itemque
1064 238 1246 290 abrupta
1287 237 1593 277 exclamatione

72 305 308 359 insignem:

131 397 344 453 Strepitus
378 400 584 455 crepitus,
617 401 780 442 sonitus
812 400 1017 441 tonitrus:
1062 402 1111 441 iit
1142 400 1300 451 subito,
1335 402 1382 441 ut
1413 400 1593 454 propere

921 469 1180 525 fremitlssss)

189 598 284 640 ‘Sed
329 600 410 640 hoc
456 614 634 654 agamus
679 600 807 653 quoia
822 599 873 654 ⁸⁹)
916 600 998 641 huc
1044 601 1259 641 ventumst
1303 598 1472 653 gratia’.
1542 599 1592 640 In

69 669 208 723 prima
234 668 368 722 igitur
387 668 635 709 Truculenti
668 682 821 709 scaena.
846 669 999 708 iterum
1027 669 1246 722 praeclaro
1274 668 1399 709 modo
1425 668 1592 720 ostendi

70 742 212 792 potest
256 754 363 793 quae
409 739 648 792 generatim
693 754 740 780 ac
789 739 1038 780 summatim
1082 739 1400 793 perscribantur
1444 739 1590 793 singu-

70 809 207 849 larum
252 822 393 848 rerum
438 811 637 849 accurata
681 808 929 849 definitione
975 808 1142 862 saepius
1180 809 1412 851 concidere.
1486 809 1591 850 Tale

70 879 171 933 quid
212 879 298 920 iam
338 878 541 921 Goetzius
580 879 872 922 demonstrare
911 879 1075 921 studuit
1111 894 1187 934 per
1225 879 1461 935 simplicem
1500 895 1589 922 ver-

70 965 192 991 suum
226 950 266 1004 I,
296 951 336 1004 1,
365 950 492 1005 70sq.
531 951 874 992 emendationem
916 965 941 991 a
972 949 1208 991 Dombarto
1247 950 1590 1004 Buecheleroque

70 1021 337 1074 propositam
382 1021 581 1074 redargui
625 1021 768 1061 dicens
807 1023 850 1060 et
887 1035 995 1074 quae
1033 1020 1320 1061 Reinhardtus
1361 1020 1411 1060 de
1451 1020 1591 1073 prima

69 1104 225 1131 scaena
250 1090 420 1144 prologi
446 1091 535 1132 vice
561 1090 766 1145 fungente
793 1092 836 1131 et
861 1104 968 1144 quae
995 1090 1044 1130 de
1071 1090 1257 1131 eiusdem
1285 1090 1590 1131 retractatione

71 1159 274 1201 Dziatzko
314 1160 520 1214 suspicati
560 1158 775 1215 essent-⁶⁹⁰).
837 1159 919 1201 Sed
951 1160 1031 1200 etsi
1063 1160 1109 1200 in
1139 1160 1288 1201 multis
1321 1174 1428 1214 quae
1460 1160 1588 1201 disse-

66 1230 170 1283 ruit,
202 1244 376 1284 prorsus
403 1244 498 1271 cum
525 1244 574 1271 eo
602 1230 730 1283 facio,
762 1232 908 1270 tamen
932 1243 1009 1270 nec
1036 1232 1246 1270 mutatam
1279 1230 1587 1282 interpunctio-

66 1315 162 1341 nem
197 1301 507 1341 admittendam
541 1314 632 1341 esse
671 1302 794 1353 puto,
836 1315 964 1354 quam
1003 1299 1173 1353 quidem
1204 1300 1289 1340 iam
1324 1303 1424 1340 ante
1457 1299 1587 1340 Dom-

66 1371 237 1412 bartum
279 1370 496 1412 Acidalius
536 1370 744 1425 instituit,
788 1385 865 1412 ncc
905 1370 1247 1412 emendationem
1285 1370 1403 1411 illam
1443 1369 1587 1423 probo.

69 1440 119 1480 In
153 1441 276 1481 libris
308 1441 414 1481 haec
447 1444 565 1482 sunt:

673 1525 721 1552 eo
754 1526 866 1552 nunc
897 1513 1140 1553 commenta
1172 1513 1237 1551 est
1268 1510 1412 1551 dolum

245 1581 469 1635 Reperisse
502 1581 676 1622 simulat
708 1595 799 1621 sese
831 1584 879 1622 ut
912 1595 977 1622 me
1010 1581 1208 1621 extrudat
1239 1580 1354 1621 foras

244 1650 308 1692 Cu
340 1665 432 1692 esse
466 1651 670 1692 simulant
701 1651 883 1692 militem
916 1665 1046 1705 puero
1078 1653 1245 1704 patrem

181 1733 225 1763 70
247 1721 389 1775 Atque
423 1725 469 1762 ut
501 1737 598 1762 cum
630 1722 722 1763 solo
755 1734 932 1775 peregre
966 1724 1090 1774 getur
1121 1721 1245 1761 militi

243 1791 311 1833 Ειῖ
345 1792 419 1832 isti
452 1791 721 1846 suppositum
755 1806 929 1845 puerum
963 1805 1068 1844 opus
1100 1791 1283 1844 pessime

242 1862 351 1903 Mihi
384 1862 515 1903 verba
546 1864 665 1902 retur
697 1861 797 1902 dare
830 1876 874 1902 se
906 1875 999 1902 ame
1031 1861 1197 1902 censuit

242 1929 391 1971 Celare
424 1946 468 1972 se
501 1933 672 1984 potesse
705 1931 884 1984 grauida
916 1931 951 1971 si
983 1930 1094 1971 foret

65 2024 181 2073 Quae
215 2025 279 2065 ita
311 2039 405 2065 cum
439 2022 597 2078 aliis⁹¹)
631 2023 830 2065 Goetzius
863 2024 1103 2065 constituit:

158 2188 218 2231 88)
246 2186 438 2221 Facillime
465 2197 509 2221 ex
535 2198 642 2221 versu
671 2190 761 2220 1130
793 2197 858 2230 per
882 2186 1000 2223 valide
1026 2187 1143 2220 tonuit
1174 2188 1238 2220 aut
1263 2186 1437 2231 explicari
1463 2187 1586 2231 potuit

59 2246 181 2289 fremit
208 2247 361 2281 verbum
388 2247 454 2280 aut
480 2245 643 2290 suppleri
670 2257 795 2280 versus
822 2244 852 2280 si
879 2245 973 2280 forte
1000 2247 1084 2290 post
1107 2246 1199 2280 ERE
1225 2245 1465 2280 interciderat
1490 2245 1581 2280 FRE

62 2305 217 2348 syllaba.

161 2365 218 2407 89)
246 2362 298 2399 Cf.
328 2363 507 2409 Bergkius
534 2363 556 2397 l.
585 2375 610 2398 s.
637 2375 662 2398 s.
689 2375 723 2407 p.
746 2367 789 2397 62
805 2374 857 2406 sq.

156 2425 214 2466 90)
241 2423 264 2458 l.
293 2435 317 2457 s.
346 2435 372 2456 s.
399 2435 434 2467 p.
456 2427 541 2458 297:
571 2422 684 2456 ‘Eine
709 2423 844 2466 eimiye
870 2422 1060 2465 Cei-rupte]
1093 2421 1179 2456 I'ers
1205 2421 1241 2464 I,
1256 2425 1288 2464 1,
1310 2425 1352 2456 71
1379 2420 1583 2456 verbunden

59 2482 125 2515 mit
149 2481 304 2524 falselter
331 2481 617 2525 Interpunktion
652 2481 715 2514 hat
740 2491 785 2514 zu
817 2481 885 2515 (len
916 2480 1119 2514 erwiilmten
1151 2481 1333 2514 clm-chaus
1363 2479 1582 2524 qrundlosen

59 2540 279 2573 Annahmen
303 2540 475 2584 yesz'ihrt.’

154 2599 213 2641 91)
234 2597 391 2643 Leyiora
417 2609 459 2632 ac
486 2600 616 2643 sponte
643 2598 862 2642 apparentia
888 2599 930 2632 ut
954 2596 1125 2632 omittam
1152 2608 1278 2632 versus
1299 2600 1342 2632 69
1369 2596 1408 2631 et
1428 2599 1470 2634 70
1497 2595 1577 2630 Aci-

59 2657 180 2690 dalius
206 2667 287 2690 cum
315 2656 439 2690 Dousa
464 2656 709 2700 permutavit3
742 2656 855 2698 idem,
888 2658 929 2690 ut
954 2656 1046 2699 dixi,
1078 2657 1117 2690 et
1142 2658 1225 2700 post
1250 2667 1332 2690 eum
1358 2655 1581 2689 Dombartus

57 2714 189 2749 Philol.
205 2716 230 2749 t.
247 2713 402 2749 XXVIII
417 2716 574 2758 (a.1869)
590 2726 622 2759 p.
641 2718 706 2749 732
728 2714 892 2760 graviter
905 2715 991 2759 post
1007 2717 1146 2758 patrem
1160 2713 1339 2756 distinxit,
1353 2725 1435 2748 cum
1450 2713 1581 2757 opinor

58 2773 139 2818 pari
165 2773 307 2807 ratione
335 2773 579 2807 Buechelcrus
605 2774 628 2807 l.
656 2787 681 2807 sq
710 2786 735 2807 s.
763 2774 1061 2816 Dombartusque
1089 2773 1225 2817 (opino)
1252 2774 1508 2817 proponerent.
