1688 2978
65 162 266 203 recensio-
296 164 372 203 est.
435 161 528 204 Hoc
566 163 654 204 iam
693 163 907 217 quomodo
952 161 1149 216 intellegi
1198 161 1327 203 velim
1377 162 1484 204 locis
1533 162 1591 204 de

65 232 281 286 prologo
314 231 581 287 primaque
615 232 822 274 fabulae
855 246 1039 273 scaena
1070 231 1279 286 decerptis
1311 231 1373 273 ita
1405 232 1587 286 probare

66 302 212 356 liceat,
258 305 306 343 ut
345 302 520 344 omnino
558 303 640 344 hae
681 305 826 357 partes
868 302 939 357 qui
982 302 1306 343 constituendae
1348 317 1442 344 esse
1484 302 1589 344 mihi

66 372 294 413 videantur
324 373 472 427 paullo
504 373 676 414 uberius
711 373 840 414 simul
872 372 1118 414 declarem.-

184 442 336 497 Itaque
369 443 599 497 prologum
636 443 680 483 in
720 443 804 484 fine
834 442 1107 496 potissimum
1140 442 1338 483 mutilum
1371 457 1461 484 esse
1494 458 1589 485 eum

69 513 235 567 pridem
267 512 315 554 G.
347 513 398 555 A.
429 513 477 554 B.
508 513 710 555 Wolffius
743 513 794 553 de
826 513 933 566 prol.
966 512 1029 553 Pl.
1061 528 1100 567 p.
1124 513 1194 565 11,
1236 511 1434 554 Osannus
1467 513 1590 555 Anal.

69 598 107 636 p.
144 584 245 636 180,
285 583 358 624 alii
390 583 596 637 dixerint,
635 583 740 624 adeo
774 582 857 623 fixa
890 597 939 623 ac
972 583 1167 624 stabilita
1199 583 1305 625 haec
1338 583 1481 638 opinio
1514 586 1591 638 est,

67 656 115 694 ut
146 652 353 694 Dziatzko
387 653 412 694 l.
446 668 477 695 s.
510 668 542 694 s.
574 668 614 707 p.
635 653 687 694 61
723 651 951 707 Spengelio
985 652 1169 706 quodam
1203 654 1328 695 modo
1361 654 1467 695 vitio
1500 668 1591 695 ver-

66 725 189 775 teret,
222 722 336 777 quod
369 723 431 765 ita
457 738 609 766 versus
636 724 693 765 20
716 738 776 778 sq.
809 723 1119 777 constituisset,
1151 723 1272 778 quasi
1298 722 1611 766 narrationem'

68 793 315 834 clauderent
333 792 394 849 ⁷3).
441 793 523 836 Sed
548 794 630 836 hoc
656 808 731 848 per
758 808 802 835 se
828 796 995 834 tantum
1024 794 1156 847 abest,
1188 796 1236 835 ut
1261 794 1590 848 vituperandum

68 863 143 917 sit,
175 866 222 905 ut
249 867 399 905 contra
425 879 531 918 quae
558 864 652 906 sola
676 863 763 904 fere
790 878 967 918 prorsus
994 879 1101 905 sana
1132 866 1232 905 sunt
1263 879 1463 906 versuum
1496 879 1590 907 cor-

67 933 412 986 ruptissimorum
446 934 577 974 verba
611 933 721 984 Quid
744 934 904 974 multa?
937 948 1087 987 reapse
1121 927 1317 986 abrumpi
1351 948 1590 974 sermonem

68 1001 267 1056 finirique
300 1002 500 1043 indicent.
556 1002 694 1044 Immo
727 1002 830 1043 illud
864 1002 1087 1044 dicendum
1120 1005 1212 1044 erat
1243 1017 1370 1056 quam
1403 1002 1590 1058 Spenge—

70 1072 153 1112 lius
188 1072 447 1113 sententiam
479 1073 725 1114 extricavit:

247 1166 358 1215 Quid
389 1166 555 1207 multa?
592 1165 671 1207 tris
704 1164 893 1207 vicissim
925 1168 1105 1220 pereunt
1137 1165 1379 1207 mulierem:

247 1236 327 1278 His
361 1251 456 1278 cum
490 1237 650 1290 anim03
683 1236 782 1278 dum
815 1236 993 1290 habent,
1025 1237 1093 1277 res
1127 1236 1444 1277 exenterabitur

73 1331 213 1372 locum
246 1345 333 1372 non
365 1331 522 1372 habere
555 1331 599 1371 in
631 1332 733 1385 fine,
778 1331 849 1372 sed
884 1330 929 1371 in
960 1330 1170 1384 principio
1205 1332 1465 1385 argumenti,
1507 1347 1590 1386 quo

68 1415 219 1442 revera
252 1403 434 1453 exstant,
466 1401 575 1441 unde
608 1400 754 1441 hausit
787 1400 1062 1454 scripturam,
1093 1400 1198 1454 Arg.
1230 1416 1267 1442 v.
1292 1402 1331 1442 l:

247 1494 352 1535 Tres
384 1497 515 1535 tinam
547 1497 726 1548 pereunt
760 1495 1052 1535 adulescentes
1085 1494 1320 1535 mulierem.

68 1588 274 1629 Attamen
305 1590 349 1628 et
379 1587 609 1629 Muellerus
641 1587 820 1629 eandem
853 1588 1109 1630 sententiam
1141 1587 1330 1643 agnovit,
1362 1588 1444 1629 nisi
1478 1589 1589 1642 quod

68 1659 247 1700 vicissim
278 1657 384 1699 illud
416 1658 571 1699 litteris
603 1673 688 1700 non
722 1658 864 1699 sensui
904 1658 1274 1700 accommodatum
1307 1658 1505 1711 evitavit,
1550 1661 1592 1699 et

68 1728 262 1783 Buggius
290 1731 416 1770 antea
443 1729 481 1770 ei
508 1729 574 1770 vel
602 1729 710 1770 alias
737 1729 1128 1782 superinstruxerat
1154 1729 1414 1770 mutationes
1436 1728 1591 1771 Philol.

70 1801 100 1839 t.
132 1797 276 1839 XXXI
309 1813 348 1852 p.
381 1798 487 1854 2593
518 1799 603 1840 iam
637 1813 738 1840 vero
772 1799 956 1839 mutavit
987 1799 1013 1840 l.
1046 1814 1077 1840 s.
1111 1813 1141 1840 S.
1173 1813 1213 1852 p.
1233 1799 1336 1840 401:

248 1892 358 1940 Quid
392 1892 560 1932 multa?
592 1893 691 1945 tris,
724 1896 770 1932 ut
802 1890 907 1944 dixi,
939 1894 1119 1944 pereunt
1150 1892 1385 1932 mulierem.

72 1984 214 2039 Atque
241 1985 538 2027 palatinorum
568 1985 848 2040 archetypum
876 1987 976 2039 post
1002 1985 1111 2037 Quid
1133 1985 1264 2026 multa
1290 1985 1591 2027 detrimentum

72 2056 318 2109 concepisse
351 2058 393 2095 et
426 2055 515 2096 eod.
543 2055 577 2095 Β
611 2056 799 2096 ostendit
832 2070 927 2096 cum
958 2055 1143 2109 quinque
1174 2055 1417 2096 litterarum
1450 2055 1590 2109 spatio

165 2241 222 2281 73)
252 2239 262 2255 ‘
277 2240 314 2275 V.
342 2244 394 2275 20
407 2241 447 2283 fi,
473 2241 598 2275 welche
623 2241 681 2276 die
706 2241 997 2283 Handsehriften
1022 2241 1063 2274 in
1088 2240 1210 2275 heillos
1239 2240 1438 2275 verderbter
1457 2241 1594 2276 Gestalt

69 2299 185 2333 bieten
212 2299 293 2342 (val.
322 2299 359 2332 C.
381 2298 427 2332 F.
457 2299 512 2332 W.
536 2299 675 2333 Μιϊῖῖεν
701 2311 734 2333 a.
764 2300 802 2332 0.
831 2299 868 2333 S.
884 2302 955 2333 510
970 2299 1014 2333 A.
1036 2301 1084 2340 1),
1110 2299 1194 2333 sind
1218 2310 1288 2333 von
1308 2299 1460 2344 Spengyel
1485 2301 1590 2343 yeist-

69 2357 176 2397 mich,
203 2357 288 2390 aber
306 2357 437 2390 meinos
456 2356 662 2391 Erachtens
685 2357 784 2391 nicht
809 2358 940 2401 ricmis]
959 2357 1133 2391 emendirt
1152 2357 1307 2391 worden.
1345 2357 1452 2391 Nach
1476 2358 1592 2392 seiner

76 2414 301 2459 Schreibemy
325 2415 474 2449 wardon
493 2414 576 2458 jene
610 2414 714 2449 Versa
738 2415 796 2449 die
821 2415 1220 2459 Aryumencerzcihluny
1245 2415 1489 2459 abschliesscn,
1514 2417 1592 2452 und

75 2473 230 2517 Spenyel
254 2474 383 2507 nimmt
408 2474 501 2507 auch
526 2484 593 2514 cm,
619 2473 703 2507 dass
727 2484 800 2507 nur
825 2474 901 2507 eine
925 2474 1032 2508 kurze
1056 2474 1201 2507 Anrcde
1226 2485 1276 2508 an
1300 2475 1358 2509 die
1383 2475 1591 2510 Zuschauer

72 2532 233 2566 cerloren
265 2532 324 2566 sei.
376 2531 541 2565 Enthielt
571 2532 635 2565 der
662 2531 798 2576 Proloy
823 2532 908 2566 aber
933 2532 1031 2566 nicht
1056 2533 1153 2566 mehr
1178 2542 1256 2566 vom
1282 2532 1499 2577 Argument,
1537 2534 1592 2568 als

70 2603 107 2624 er
127 2590 216 2632 jetzt
242 2591 395 2632 entheclt,
425 2601 464 2624 so
489 2602 567 2624 war
592 2602 629 2624 er
654 2591 852 2635 allerdinys
875 2602 970 2635 yanz
995 2592 1192 2635 unndthiffl
1229 2592 1287 2626 die
1311 2592 1517 2626 vereinzelte
1541 2593 1591 2627 im

75 2647 117 2681 V.
134 2651 182 2682 1&
208 2648 407 2682 entlcaltenc
426 2648 537 2682 Notiz
562 2650 657 2682 zccire
682 2649 784 2682 daim
808 2649 887 2683 sehr
913 2649 1115 2693 auffcillzy?
1155 2647 1325 2684 Ceterum
1351 2649 1389 2683 in
1414 2650 1589 2694 proximis

69 2706 166 2750 quod
195 2706 375 2750 quinque,
408 2718 481 2741 non
513 2706 666 2740 duarum
700 2706 906 2741 litterarum
940 2707 1100 2752 spatium
1126 2709 1210 2751 post
1238 2708 1335 2752 Quid
1359 2709 1473 2743 multa
1497 2708 1535 2742 in
1561 2708 1589 2742 B

74 2765 240 2799 relictum
270 2777 346 2800 csse
373 2765 448 2800 dixi
474 2765 516 2799 H.
545 2765 693 2800 Hinckii
720 2766 827 2800 fidem
854 2767 998 2800 secutus
1025 2778 1115 2800 suin.
