1688 2978
694 122 983 162 —29-

85 227 230 281 metri,
261 241 408 269 verum
447 225 576 267 etiam
615 225 914 267 concinnitatis
953 239 1047 266 cum
1087 224 1376 265 emolumento
1407 225 1479 276 qui
1508 224 1594 276 qui—

79 299 168 341 dem
190 298 364 352 probust
391 310 469 351 pro
502 297 573 349 qui
601 296 763 349 quidem
787 296 907 349 probi
937 299 1044 337 sunt.
1092 294 1255 337 Verum
1285 294 1395 335 illud
1426 308 1593 350 quoque

81 370 224 422 miror,
255 371 346 409 tam
373 367 445 409 diu
472 382 618 410 omnes
651 368 696 408 in
716 365 951 409 Camerarii
983 366 1293 421 supplementis
1320 365 1596 420 acquievisse.

83 437 196 480 Nam
227 453 306 493 pro
339 436 617 479 ‘hominibus'
650 453 674 478 a
707 437 860 478 Plauto
894 435 1066 478 ‘virum'
1099 435 1339 477 adhibitum
1377 450 1469 477 esse
1502 449 1596 476 cum

81 510 136 551 ob
175 509 315 563 ipsam
353 509 469 550 vocis
507 509 727 549 notionem
766 507 925 548 arridet
961 507 1060 547 huic
1092 506 1329 547 sententiae
1362 520 1596 547 accommo-

82 579 293 621 datiorem
324 581 415 620 tum
449 579 503 620 ob
536 578 888 620 allitterationem
921 592 1015 619 cum
1048 577 1177 619 ‘vino’
1209 576 1597 618 Plautinissimam:

83 649 211 691 simul
241 652 383 691 autem
415 650 647 703 lucramur,
688 652 736 690 ut
766 664 841 703 per
873 648 956 690 ‘vi'
989 649 1181 703 syllabae
1212 648 1495 702 frequentiam
1529 663 1596 689 co-

85 720 224 762 dicum
262 720 564 762 detrimentum
601 719 806 761 facillime
843 719 1089 774 explicetur.
1159 718 1309 774 Itaque
1351 719 1411 760 sic
1449 733 1595 760 versus

88 791 314 832 restituere
347 794 524 832 conatus
557 805 667 832 sum:

140 884 238 925 Non
273 885 417 925 vinum
452 885 578 936 [viro]
612 884 824 926 moderari
859 885 1002 936 [solet]
1014 917 1024 937 ‚
1057 884 1129 924 sed
1163 884 1261 936 [vir]
1296 884 1393 925 vino
1427 885 1538 925 solet

143 953 226 1003 Qui
243 954 413 1009 quidem
438 954 637 1008 probust:
669 968 815 995 verum
842 954 1063 1008 improbus
1090 953 1204 1007 quist
1229 957 1397 1008 guttam
1425 953 1463 995 si
1475 954 1596 1007 bibit,

144 1023 240 1065 Sive
273 1024 378 1065 adeo
412 1025 526 1065 caret
556 1026 734 1077 temeto⁷
765 1025 911 1065 tamen
944 1024 996 1065 ab
1029 1024 1203 1078 ingenio
1235 1023 1489 1078 improbust.

85 1117 165 1159 Sed
198 1118 250 1159 ad
282 1117 563 1159 Menandrum
595 1121 643 1159 ut
674 1118 844 1158 redeam
875 1118 942 1158 vel
974 1117 1177 1159 incertior
1207 1118 1469 1172 generalium
1503 1133 1595 1158 sen-

89 1189 322 1230 tentiarum
356 1181 631 1243 congruentia
663 1190 740 1242 est,
771 1188 888 1229 velut
920 1187 1031 1241 quod
1062 1187 1215 1242 fragm.
1248 1186 1455 1229 CCXCH:

367 1282 446 1332 οὐχ
479 1281 578 1323 ὅθεν
611 1280 907 1331 ἀπωλόμεεθα,
942 1281 1168 1332 εωθείημεν
1201 1280 1271 1330 ἄν;

85 1376 268 1430 quodam
300 1375 428 1416 modo
461 1375 647 1416 concinit
662 1373 712 1430 55)
745 1389 839 1414 cum
871 1374 1115 1414 Truculenti
1148 1388 1270 1414 versu
1302 1374 1376 1427 IV,
1414 1377 1447 1425 1,
1479 1376 1525 1415 9:

146 1468 296 1511 Salvos
331 1484 423 1510 sum
456 1468 555 1523 quia
587 1468 731 1522 pe'reo:
764 1467 800 1508 si
831 1482 917 1508 non
948 1469 1119 1521 peream
1150 1468 1275 1521 plane
1307 1468 1555 1520 interierim,

86 1579 214 1618 quam
247 1563 461 1618 argutiam
494 1564 536 1602 et
567 1561 641 1602 alii
674 1561 898 1615 scriptores
925 1562 970 1602 in
995 1562 1158 1602 deliciis
1184 1562 1344 1602 habent
1358 1561 1411 1615 56)
1439 1566 1480 1602 et
1506 1563 1595 1615 ipse

84 1634 261 1675 Plautus
306 1632 476 1686 saepius
520 1633 698 1684 usurpat
713 1629 776 1686 57).
836 1630 926 1672 Nec
966 1632 1106 1672 minus
1149 1646 1302 1685 anceps
1344 1634 1409 1672 est
1453 1632 1596 1685 opinio

87 1704 197 1758 quod
228 1703 382 1757 fragm.
415 1701 711 1742 CLXXXVIII
721 1717 730 1742 ε

181 1832 238 1874 55)
264 1830 359 1864 Nam
386 1828 493 1863 nimis
520 1830 620 1863 arcte
645 1829 737 1863 haec
762 1828 861 1873 apud
887 1828 1035 1862 Suidam
1063 1821 1311 1872 explicantur:
1338 1829 1410 1862 ἀπὸ
1435 1832 1511 1863 τῶν
1538 1830 1592 1871 ἐχ-

86 1893 201 1934 θρῶν·
230 1890 453 1934 φοβούμενοι
478 1888 548 1932 γὰρ
573 1889 660 1922 τοὺ(
679 1876 838 1930 ’ἐχθροὺς
864 1887 1106 1931 ὠφελούμεθα
1130 1888 1216 1930 παρ’
1242 1888 1375 1921 αὐτῶν.

180 1953 238 1989 56)
266 1949 318 1983 Cf.
345 1949 440 1984 Plut.
468 1947 654 1991 Apophth.
681 1946 714 1979 ΙΙ
739 1958 776 1991 p.
805 1950 868 1981 185
896 1947 954 1989 (=
976 1945 1151 1980 Themist.
1179 1948 1237 1989 29)
1263 1947 1471 1988 ἀπωλόμεθ’
1496 1948 1540 1980 ἂν
1567 1947 1596 1982 εἰ

88 2011 135 2052 μὴ
162 2008 393 2049 ἀπωλόμεθα.
449 2006 575 2050 Polyb.
598 2005 678 2048 XL,
705 2008 724 2038 5
751 2005 860 2038 extr.:
896 2005 1053 2038 ἅπαντες
1079 2005 1117 2038 δὲ
1143 2005 1228 2039 τότε
1253 2006 1331 2048 τήν
1357 2005 1596 2048 παροιμίαν

85 2069 226 2111 ταύτην
259 2067 316 2100 διὰ
348 2066 526 2108 ετόματο(
557 2066 668 2108 εἶχον,
701 2065 751 2098 ὡς
781 2064 810 2098 εἰ
843 2066 890 2107 μή
916 2064 1057 2106 ταχέως
1083 2065 1319 2107 ἀπωλόμεθα,
1351 2065 1418 2097 οὐκ
1443 2065 1487 2098 ἂν
1514 2065 1597 2098 ἐεώ-

87 2130 212 2170 θημεν.

180 2185 239 2227 57)
272 2183 323 2218 Cf.
358 2183 457 2217 Asin.
485 2195 517 2218 v.
545 2186 624 2217 244.
658 2185 736 2216 637.
787 2181 881 2215 Hinc
911 2181 1002 2215 mihi
1033 2181 1152 2216 sanari
1185 2192 1291 2226 posse
1322 2182 1467 2216 videtur
1497 2182 1598 2217 locus

86 2243 248 2279 difficilis
274 2243 394 2276 Aulul.
422 2243 465 2285 ΙΙ,
492 2246 524 2285 2,
551 2245 611 2276 30:
671 2260 675 2264 ·

229 2313 275 2347 Di
301 2323 359 2346 me
385 2310 543 2356 servant,
569 2311 672 2346 salva
696 2322 753 2345 res
779 2311 847 2355 est,
874 2310 1092 2345 salvomst
1116 2310 1152 2344 si
1177 2310 1280 2354 quid
1306 2312 1379 2344 nen
1405 2310 1513 2354 perit,

87 2384 152 2418 ubi
178 2396 260 2418 cum
285 2383 399 2417 verba
422 2382 590 2416 salvomst
614 2382 647 2416 si
671 2382 759 2426 quid
783 2392 857 2415 non
876 2382 974 2427 perit
992 2382 1090 2415 recte
1110 2392 1193 2414 cum
1207 2380 1393 2424 Wagnero
1410 2380 1597 2415 Vahlenus

86 2442 255 2487 intellegi
280 2452 386 2486 posse
410 2440 571 2484 negarit,
604 2440 663 2474 vel
696 2440 818 2474 minus
843 2450 901 2473 me
927 2439 1143 2483 intellegere
1167 2439 1286 2473 fateor
1309 2439 1409 2482 quod
1433 2439 1512 2483 ipse
1538 2451 1598 2473 ex-

88 2502 268 2547 cogitavit
292 2500 428 2555 (Herm.
455 2501 481 2535 t.
507 2499 540 2534 X
565 2511 599 2544 p.
621 2501 703 2544 460)
728 2499 895 2533 salvomst
918 2499 951 2533 si
975 2499 1063 2543 quid
1087 2498 1263 2541 conperit
1289 2509 1336 2532 sc.
1364 2497 1597 2543 Megadorus.

87 2561 203 2595 Immo
236 2559 324 2604 quia
353 2558 406 2592 nil
436 2558 500 2592 ille
533 2558 763 2601 compererat
793 2557 895 2591 salva
920 2568 976 2591 res
1003 2557 1082 2590 erat
1107 2567 1148 2589 ac
1174 2555 1319 2599 perdita
1345 2557 1375 2589 si
1400 2556 1490 2599 quid
1515 2568 1598 2597 con-

86 2620 252 2664 perisset.
297 2616 449 2653 Accedit
474 2615 572 2660 quod
597 2614 830 2650 conservavit
842 2614 1029 2649 Vahlenus
1053 2614 1156 2649 salva
1180 2623 1235 2648 res
1259 2616 1320 2656 est,
1344 2615 1511 2650 salvomst
1537 2626 1596 2650 eo-

88 2680 172 2713 dem
199 2689 305 2712 sensu
330 2674 587 2710 molestissime
613 2673 717 2708 iuxta
742 2685 780 2708 se
805 2673 934 2718 posita.
987 2673 1228 2708 Scribendum
1252 2672 1410 2707 fortasse

228 2737 275 2772 Di
299 2747 358 2770 me
384 2735 546 2778 servant,
573 2733 676 2768 salva
701 2744 757 2768 res
783 2737 854 2776 est,
882 2732 1008 2767 salva
1032 2732 1137 2767 mist
1162 2731 1267 2776 quia
1290 2733 1365 2767 nc'm
1390 2731 1488 2776 perit

86 2796 146 2831 vel
172 2795 294 2839 aptius
320 2795 448 2829 etiam:

697 2867 704 2874 .
734 2868 740 2874 .
768 2866 774 2873 .
804 2867 811 2873 .
840 2866 846 2872 .
874 2838 1024 2873 salvos
1051 2850 1142 2873 sum
1169 2837 1274 2882 quia
1298 2840 1369 2872 non
1396 2837 1501 2882 perit.
