1688 2978
700 70 990 111 *58—

203 171 295 212 Iam
322 172 454 226 igitur
479 172 626 214 videas
652 188 809 228 quaeso
835 176 902 215 tot
926 175 1142 229 tantisque
1169 174 1378 216 machinis
1399 174 1603 216 adhibitis

85 244 229 283 utrum
262 242 578 298 qualescunque
610 244 809 286 versiculi
842 244 1044 285 moliendi
1077 245 1177 298 sint,
1208 260 1263 286 an
1294 245 1413 287 locus
1445 258 1495 285 ex
1526 244 1605 286 tali

84 313 172 354 fere
192 314 578 368 interpretamento
598 315 871 369 repetendus:
903 316 1001 356 dum
1031 315 1124 366 huc,
1155 317 1253 357 dum
1283 316 1381 358 illuc
1409 318 1607 368 retorquet

85 382 161 438 (sc.
194 383 315 440 rete),
345 386 514 438 impedit
536 386 666 438 piscis
697 399 820 439 usque
850 387 948 428 adeo
978 386 1099 428 donee
1127 386 1243 438 foras
1274 387 1422 428 eduxit.

204 453 369 499 Contra
400 470 624 509 perversus
658 459 772 498 esset
798 457 833 497 si
859 456 954 510 quis
982 456 1164 510 exempli
1190 457 1333 511 gratia
1359 457 1467 497 v.12
1494 456 1605 511 quod

88 528 272 567 metrum
304 540 391 568 non
424 526 626 580 expleret,
658 527 891 569 damnaret.
952 525 1065 568 Nam
1097 526 1245 569 verba:

147 631 189 661 10
234 618 531 661 Primumdum
563 634 723 662 merces
757 617 1001 674 annua¹⁰⁵):
1034 619 1070 661 is
1102 618 1267 674 primus
1301 619 1447 662 bolust

234 689 299 731 Ob
333 691 426 731 eam
458 692 547 731 tres
579 691 717 732 noctis
750 690 919 731 dantur.

85 783 328 838 efflagitant
353 783 478 838 plane
504 783 638 826 talem
665 783 1032 826 enumerationem
1060 783 1230 839 qualem
1257 783 1359 826 olim
1386 784 1600 827 exstitisse

86 855 325 895 membrum
356 856 602 895 truncatum
635 855 775 896 docet:

1076 925 1241 967 interea
1273 925 1357 967 loci

143 993 233 1035 Aut
266 1009 340 1035 ara
372 997 420 1035 ut
452 993 547 1049 (aut
579 993 672 1050 OD)
706 996 854 1036 uinum
888 999 964 1036 aut
995 996 1135 1036 oleum
1168 999 1242 1037 aut
1274 996 1461 1037 triticum

83 1089 169 1130 Ubi
201 1103 298 1130 cum
331 1104 408 1143 pro
441 1104 520 1130 ara
551 1089 637 1131 iam
672 1089 771 1131 Itali
803 1104 901 1131 aera
932 1090 1190 1144 invexerint,
1223 1088 1473 1145 Spengelius
1505 1090 1605 1142 post

85 1160 270 1201 aliorum
302 1162 545 1202 commenta
577 1161 820 1215 proposuit:

143 1253 233 1295 Aut
267 1257 419 1295 aurum
450 1257 524 1295 aut
556 1269 655 1296 aera
687 1257 760 1296 aut
792 1253 940 1296 vinum
974 1258 1049 1296 aut
1080 1255 1220 1297 oleum
1253 1257 1326 1297 aut
1356 1253 1562 1296 triticum.

202 1347 336 1403 Atqui
361 1347 600 1388 rectissime
632 1347 804 1389 Brixius
843 1349 887 1389 in
918 1348 1120 1403 Epistula
1147 1349 1199 1391 ad
1231 1349 1350 1390 illum
1386 1348 1486 1390 data
1517 1362 1555 1401 p.
1576 1347 1602 1388 4

84 1423 174 1460 tum
216 1432 366 1459 aurum
407 1418 637 1471 pretiosius
680 1433 772 1459 esse
814 1420 981 1460 monuit
1022 1435 1149 1473 quam
1193 1421 1305 1474 quod
1348 1420 1418 1461 hic
1461 1420 1603 1460 locum

82 1490 252 1543 habeat,
284 1492 377 1531 tum
410 1489 542 1530 verbo
574 1488 759 1543 quodam
786 1502 913 1544 aegre
939 1504 1018 1531 nos
1044 1504 1186 1531 carere
1212 1489 1414 1544 quoniam
1441 1491 1606 1541 temptat

81 1560 166 1601 hue
198 1559 314 1601 trahi
346 1561 542 1613 nequeat.
604 1559 722 1600 Idem
754 1559 864 1600 Ann.
896 1560 999 1613 phil.
1032 1563 1061 1602 t.
1095 1558 1150 1601 CI
1182 1575 1222 1614 p.
1243 1559 1328 1601 426
1361 1559 1602 1614 languidio-

83 1645 173 1671 rem
201 1628 402 1684 Seyfferti
428 1628 684 1683 scripturam
710 1629 990 1683 improbavit:
1025 1630 1190 1672 Orando
1216 1630 1284 1671 vel
1304 1629 1506 1672 Poscendo
1531 1633 1605 1671 aut

79 1714 178 1741 acra
210 1724 265 1729 —-
299 1700 484 1741 triticum
518 1699 704 1752 Temptat
735 1702 813 1740 cet.
859 1698 940 1740 Sed
975 1700 1087 1754 quod
1119 1700 1210 1754 ipse
1243 1701 1379 1742 suasit
1411 1700 1602 1741 Brixius:

143 1794 231 1834 Aut
263 1795 359 1834 orat
391 1808 491 1834 aera
523 1796 598 1834 aut
629 1792 774 1834 vinum
809 1796 884 1834 aut
917 1794 1055 1835 oleum
1089 1796 1163 1835 aut
1193 1793 1396 1848 triticum,

82 1889 188 1931 haec
226 1888 345 1930 verbi
387 1886 615 1930 collocatio
653 1901 923 1942 nequaquam
962 1886 1203 1930 defenditur
1240 1887 1432 1930 versibus
1464 1888 1520 1930 32
1541 1903 1602 1944 sq.

81 1962 155 2000 ant
194 1972 346 1999 aurum
378 1958 507 2011 periit
536 1961 611 1998 aut
640 1958 878 1999 eonscissast
909 1958 1075 2011 pallula
1117 1961 1213 2012 cet„
1253 1973 1353 1999 nam
1390 1958 1478 1999 illic
1514 1973 1602 2000 non

81 2030 206 2070 modo
241 2029 435 2084 singulae
468 2042 556 2083 res,
595 2044 742 2070 verum
775 2028 905 2070 etiam
937 2028 1068 2082 facta,
1108 2043 1217 2083 quae
1249 2028 1397 2070 orandi
1429 2019 1602 2071 causam

83 2100 379 2141 meretricibus
418 2100 537 2153 dent,
576 2100 689 2141 inter
727 2114 771 2141 se
810 2102 1095 2154 opponuntur.
1158 2098 1240 2140 Sed
1273 2099 1386 2154 quod
1417 2099 1468 2140 de
1499 2113 1601 2140 auro

84 2170 216 2224 probe
248 2169 423 2210 Brixius
455 2170 719 2223 observavit,
758 2170 916 2211 ibidem
954 2185 1038 2211 una
1076 2159 1208 2211 etiam
1245 2183 1343 2211 aera
1379 2169 1600 2210 trahamus

84 2241 268 2295 oportet,
295 2255 423 2295 quam
448 2254 596 2282 vocem
623 2255 672 2282 eo
699 2240 838 2282 minus
866 2240 1159 2294 tolerabimus,
1190 2240 1289 2295 quia
1315 2239 1409 2294 ipsa
1434 2253 1601 2294 quoque

82 2311 277 2366 quamvis
310 2311 396 2352 leni
429 2311 673 2353 coniectura
705 2312 855 2354 effecta
880 2314 957 2353 est.
1005 2311 1220 2353 Nimirum
1246 2311 1437 2352 mercede
1463 2325 1603 2352 annua

84 2385 258 2438 accepta
290 2382 403 2424 intra
434 2381 525 2424 dies
557 2382 775 2437 proximos
808 2384 868 2425 eis
894 2382 1019 2426 modo
1046 2383 1173 2425 rebus
1201 2382 1373 2425 orandis
1399 2381 1601 2423 meretrix

84 2454 269 2495 amantis
302 2454 491 2495 animum
523 2456 721 2507 temptat,
753 2469 860 2508 quae
887 2469 963 2508 per
988 2453 1239 2497 convivendi
1265 2453 1600 2508 convivandique

84 2524 351 2565 occasionem
382 2524 657 2578 requiruntur
689 2524 823 2579 ‘quod
856 2525 977 2578 bibit,
1008 2524 1121 2579 quod
1154 2526 1327 2577 comest,
1358 2523 1471 2578 quod
1495 2523 1602 2565 facit

83 2617 252 2624 -r—vrr—oss

139 2725 145 2730 ἡ
180 2677 261 2718 105)
296 2674 394 2716 Quas
424 2675 469 2709 de
502 2675 571 2709 hac
598 2674 774 2710 Gronovii
807 2674 1017 2709 coniectura
1041 2675 1164 2718 (miros
1189 2674 1234 2718 B,
1260 2675 1373 2708 miror
1398 2672 1472 2716 CD)
1500 2673 1601 2718 Seyf-

82 2734 200 2769 fertus
225 2732 452 2778 suspiciones
479 2732 596 2767 movit
620 2732 752 2768 Philol.
767 2734 792 2767 t.
808 2733 909 2767 XXV
930 2745 964 2777 p.
982 2737 1045 2767 751
1063 2744 1153 2777 sqq.,
1179 2731 1369 2777 aptissime
1395 2732 1601 2767 refutantur

83 2804 125 2829 eo
153 2803 262 2838 quem
288 2791 531 2837 Kiesslingius
558 2791 735 2826 excitavit
759 2791 840 2826 loeo
866 2791 965 2826 Asin.
997 2804 1025 2826 ν.
1055 2795 1118 2826 751
1137 2803 1214 2836 sqq.
