<?xml version="1.0" encoding="UTF-8"?>
<!DOCTYPE html PUBLIC "-//W3C//DTD XHTML 1.0 Transitional//EN"
    "http://www.w3.org/TR/xhtml1/DTD/xhtml1-transitional.dtd">
<html xmlns="http://www.w3.org/1999/xhtml" xml:lang="en" lang="en">
 <head>
  <title>
</title>
<meta http-equiv="Content-Type" content="text/html;charset=utf-8" />
  <meta name='ocr-system' content='tesseract 3.04.00' />
  <meta name='ocr-capabilities' content='ocr_page ocr_carea ocr_par ocr_line ocrx_word'/>
</head>
<body>
  <div class='ocr_page' id='page_1' title='image "4737841_0051.png"; bbox 0 0 1688 2978; ppageno 0'>
   <div class='ocr_carea' id='block_1_1' title="bbox 698 101 986 142">
    <p class='ocr_par' dir='ltr' id='par_1_1' title="bbox 698 101 986 142">
     <span class='ocr_line' id='line_1_1' title="bbox 698 101 986 142; baseline 0.003 -12"><span class='ocrx_word' id='word_1_1' title='bbox 698 101 986 142; x_wconf 64' lang='lat'>—41-</span> 
     </span>
    </p>
   </div>
   <div class='ocr_carea' id='block_1_2' title="bbox 87 205 1602 1034">
    <p class='ocr_par' dir='ltr' id='par_1_2' title="bbox 87 205 1602 1034">
     <span class='ocr_line' id='line_1_2' title="bbox 88 205 1600 259; baseline -0.002 -12"><span class='ocrx_word' id='word_1_2' title='bbox 88 206 183 247; x_wconf 90' lang='lat' dir='ltr'><strong>dem</strong></span> <span class='ocrx_word' id='word_1_3' title='bbox 232 206 472 248; x_wconf 85' lang='lat' dir='ltr'><strong>locutiones</strong></span> <span class='ocrx_word' id='word_1_4' title='bbox 523 205 772 259; x_wconf 85' lang='lat' dir='ltr'><strong>easdemque</strong></span> <span class='ocrx_word' id='word_1_5' title='bbox 821 205 997 247; x_wconf 85' lang='lat' dir='ltr'><strong>facetias</strong></span> <span class='ocrx_word' id='word_1_6' title='bbox 1047 205 1282 246; x_wconf 84' lang='lat' dir='ltr'><strong>tralaticias</strong></span> <span class='ocrx_word' id='word_1_7' title='bbox 1332 218 1424 245; x_wconf 84' lang='lat' dir='ltr'><strong>esse</strong></span> <span class='ocrx_word' id='word_1_8' title='bbox 1475 217 1600 244; x_wconf 85' lang='lat' dir='ltr'><strong>nemo</strong></span> 
     </span>
     <span class='ocr_line' id='line_1_3' title="bbox 88 273 1600 330; baseline -0.003 -13"><span class='ocrx_word' id='word_1_9' title='bbox 88 277 269 330; x_wconf 87' lang='lat' dir='ltr'><strong>ignorat.</strong></span> <span class='ocrx_word' id='word_1_10' title='bbox 330 275 423 316; x_wconf 90' lang='lat' dir='ltr'><strong>Iam</strong></span> <span class='ocrx_word' id='word_1_11' title='bbox 454 275 559 316; x_wconf 91' lang='lat' dir='ltr'><strong>haec</strong></span> <span class='ocrx_word' id='word_1_12' title='bbox 591 275 840 317; x_wconf 88' lang='lat' dir='ltr'><strong>acutissima</strong></span> <span class='ocrx_word' id='word_1_13' title='bbox 871 275 1092 316; x_wconf 86' lang='lat' dir='ltr'><strong>Ritschelii</strong></span> <span class='ocrx_word' id='word_1_14' title='bbox 1127 274 1398 316; x_wconf 70' lang='lat' dir='ltr'><strong>ratiocinatio</strong></span> <span class='ocrx_word' id='word_1_15' title='bbox 1430 273 1600 327; x_wconf 88' lang='lat' dir='ltr'><strong>Parerg.</strong></span> 
     </span>
     <span class='ocr_line' id='line_1_4' title="bbox 88 343 1602 401; baseline -0.003 -14"><span class='ocrx_word' id='word_1_16' title='bbox 88 361 128 401; x_wconf 87' lang='lat' dir='ltr'><strong>p.</strong></span> <span class='ocrx_word' id='word_1_17' title='bbox 160 345 245 387; x_wconf 82' lang='grc'><strong>233</strong></span> <span class='ocrx_word' id='word_1_18' title='bbox 266 359 327 400; x_wconf 90' lang='lat' dir='ltr'><strong>sq.</strong></span> <span class='ocrx_word' id='word_1_19' title='bbox 359 347 467 386; x_wconf 87' lang='lat' dir='ltr'><strong>erat:</strong></span> <span class='ocrx_word' id='word_1_20' title='bbox 499 345 545 386; x_wconf 91' lang='lat' dir='ltr'><strong>in</strong></span> <span class='ocrx_word' id='word_1_21' title='bbox 577 345 636 387; x_wconf 90' lang='lat' dir='ltr'><strong>cis</strong></span> <span class='ocrx_word' id='word_1_22' title='bbox 668 345 869 401; x_wconf 87' lang='lat' dir='ltr'><strong>prologis,</strong></span> <span class='ocrx_word' id='word_1_23' title='bbox 900 359 1080 400; x_wconf 88' lang='lat' dir='ltr'><strong>quorum</strong></span> <span class='ocrx_word' id='word_1_24' title='bbox 1114 344 1235 399; x_wconf 86' lang='lat' dir='ltr'><strong>origo</strong></span> <span class='ocrx_word' id='word_1_25' title='bbox 1268 343 1452 399; x_wconf 84' lang='lat' dir='ltr'><strong>genuina</strong></span> <span class='ocrx_word' id='word_1_26' title='bbox 1483 345 1602 383; x_wconf 83' lang='lat' dir='ltr'><strong>extra</strong></span> 
     </span>
     <span class='ocr_line' id='line_1_5' title="bbox 87 413 1601 469; baseline -0.002 -12"><span class='ocrx_word' id='word_1_27' title='bbox 87 416 398 457; x_wconf 72' lang='lat' dir='ltr'><strong>dubitationem</strong></span> <span class='ocrx_word' id='word_1_28' title='bbox 417 415 560 469; x_wconf 88' lang='lat' dir='ltr'><strong>posita</strong></span> <span class='ocrx_word' id='word_1_29' title='bbox 580 415 648 468; x_wconf 86' lang='lat' dir='ltr'><strong>sit,</strong></span> <span class='ocrx_word' id='word_1_30' title='bbox 674 413 941 456; x_wconf 81' lang='lat' dir='ltr'><strong>Terentianis</strong></span> <span class='ocrx_word' id='word_1_31' title='bbox 969 415 1142 467; x_wconf 86' lang='lat' dir='ltr'><strong>scilicet,</strong></span> <span class='ocrx_word' id='word_1_32' title='bbox 1169 415 1369 468; x_wconf 88' lang='lat' dir='ltr'><strong>quoniam</strong></span> <span class='ocrx_word' id='word_1_33' title='bbox 1390 428 1601 468; x_wconf 82' lang='lat' dir='ltr'>nusquam</span> 
     </span>
     <span class='ocr_line' id='line_1_6' title="bbox 90 483 1602 544; baseline -0.002 -17"><span class='ocrx_word' id='word_1_34' title='bbox 90 486 232 541; x_wconf 89' lang='lat' dir='ltr'><strong>ipsum</strong></span> <span class='ocrx_word' id='word_1_35' title='bbox 263 487 415 540; x_wconf 86' lang='lat' dir='ltr'><strong>poetae</strong></span> <span class='ocrx_word' id='word_1_36' title='bbox 446 499 604 526; x_wconf 90' lang='lat' dir='ltr'><strong>nomen</strong></span> <span class='ocrx_word' id='word_1_37' title='bbox 634 487 786 538; x_wconf 86' lang='lat' dir='ltr'><strong>exstet,</strong></span> <span class='ocrx_word' id='word_1_38' title='bbox 828 485 900 527; x_wconf 91' lang='lat' dir='ltr'><strong>sed</strong></span> <span class='ocrx_word' id='word_1_39' title='bbox 933 483 1105 544; x_wconf 69' lang='lat' dir='ltr'><strong>‘pocta&#39;</strong></span> <span class='ocrx_word' id='word_1_40' title='bbox 1138 484 1304 526; x_wconf 91' lang='lat' dir='ltr'><strong>dicatur</strong></span> <span class='ocrx_word' id='word_1_41' title='bbox 1342 484 1602 538; x_wconf 86' lang='lat' dir='ltr'><strong>simpliciter,</strong></span> 
     </span>
     <span class='ocr_line' id='line_1_7' title="bbox 89 554 1600 610; baseline -0.003 -11"><span class='ocrx_word' id='word_1_42' title='bbox 89 559 242 599; x_wconf 89' lang='lat' dir='ltr'><strong>contra</strong></span> <span class='ocrx_word' id='word_1_43' title='bbox 278 557 324 598; x_wconf 91' lang='lat' dir='ltr'><strong>in</strong></span> <span class='ocrx_word' id='word_1_44' title='bbox 362 556 441 609; x_wconf 83' lang='lat' dir='ltr'><strong>eis,</strong></span> <span class='ocrx_word' id='word_1_45' title='bbox 484 570 591 610; x_wconf 89' lang='lat' dir='ltr'><strong>quae</strong></span> <span class='ocrx_word' id='word_1_46' title='bbox 630 556 879 597; x_wconf 74' lang='lat' dir='ltr'><strong>certissimis</strong></span> <span class='ocrx_word' id='word_1_47' title='bbox 917 555 1158 596; x_wconf 88' lang='lat' dir='ltr'><strong>rationibus</strong></span> <span class='ocrx_word' id='word_1_48' title='bbox 1197 571 1222 596; x_wconf 94' lang='lat' dir='ltr'><strong>a</strong></span> <span class='ocrx_word' id='word_1_49' title='bbox 1254 555 1407 596; x_wconf 86' lang='lat' dir='ltr'><strong>Plauto</strong></span> <span class='ocrx_word' id='word_1_50' title='bbox 1439 554 1600 596; x_wconf 91' lang='lat' dir='ltr'><strong>abiudi-</strong></span> 
     </span>
     <span class='ocr_line' id='line_1_8' title="bbox 87 625 1601 681; baseline -0.003 -12"><span class='ocrx_word' id='word_1_51' title='bbox 87 627 211 669; x_wconf 89' lang='lat' dir='ltr'><strong>candi</strong></span> <span class='ocrx_word' id='word_1_52' title='bbox 261 627 363 681; x_wconf 90' lang='lat' dir='ltr'><strong>sint,</strong></span> <span class='ocrx_word' id='word_1_53' title='bbox 420 625 652 668; x_wconf 83' lang='lat' dir='ltr'><strong>Sarsinatis</strong></span> <span class='ocrx_word' id='word_1_54' title='bbox 709 629 861 681; x_wconf 88' lang='lat' dir='ltr'><strong>poetae</strong></span> <span class='ocrx_word' id='word_1_55' title='bbox 916 640 1073 668; x_wconf 91' lang='lat' dir='ltr'><strong>nomen</strong></span> <span class='ocrx_word' id='word_1_56' title='bbox 1123 625 1281 666; x_wconf 81' lang='lat' dir='ltr'><strong>diserte</strong></span> <span class='ocrx_word' id='word_1_57' title='bbox 1332 627 1601 679; x_wconf 74' lang='lat' dir='ltr'><strong>memoretur,</strong></span> 
     </span>
     <span class='ocr_line' id='line_1_9' title="bbox 87 697 1599 753; baseline -0.001 -15"><span class='ocrx_word' id='word_1_58' title='bbox 87 712 289 753; x_wconf 85' lang='lat' dir='ltr'><strong>magnam</strong></span> <span class='ocrx_word' id='word_1_59' title='bbox 332 698 430 739; x_wconf 84' lang='lat' dir='ltr'><strong>inde</strong></span> <span class='ocrx_word' id='word_1_60' title='bbox 475 697 758 751; x_wconf 82' lang='lat' dir='ltr'><strong>suspicionem</strong></span> <span class='ocrx_word' id='word_1_61' title='bbox 801 697 1003 748; x_wconf 88' lang='lat' dir='ltr'><strong>incidere,</strong></span> <span class='ocrx_word' id='word_1_62' title='bbox 1054 697 1203 738; x_wconf 88' lang='lat' dir='ltr'><strong>ubiubi</strong></span> <span class='ocrx_word' id='word_1_63' title='bbox 1247 711 1405 737; x_wconf 91' lang='lat' dir='ltr'><strong>nomen</strong></span> <span class='ocrx_word' id='word_1_64' title='bbox 1449 698 1599 749; x_wconf 86' lang='lat' dir='ltr'><strong>exstet,</strong></span> 
     </span>
     <span class='ocr_line' id='line_1_10' title="bbox 88 767 1599 822; baseline -0.001 -14"><span class='ocrx_word' id='word_1_65' title='bbox 88 767 261 809; x_wconf 89' lang='lat' dir='ltr'><strong>omnino</strong></span> <span class='ocrx_word' id='word_1_66' title='bbox 286 767 516 822; x_wconf 86' lang='lat' dir='ltr'><strong>genuinum</strong></span> <span class='ocrx_word' id='word_1_67' title='bbox 541 782 628 809; x_wconf 91' lang='lat' dir='ltr'><strong>non</strong></span> <span class='ocrx_word' id='word_1_68' title='bbox 654 782 745 809; x_wconf 90' lang='lat' dir='ltr'><strong>esse</strong></span> <span class='ocrx_word' id='word_1_69' title='bbox 770 769 1007 822; x_wconf 88' lang='lat' dir='ltr'><strong>prologum.</strong></span> <span class='ocrx_word' id='word_1_70' title='bbox 1052 767 1174 809; x_wconf 90' lang='lat' dir='ltr'><strong>Hanc</strong></span> <span class='ocrx_word' id='word_1_71' title='bbox 1195 782 1293 809; x_wconf 84' lang='lat' dir='ltr'><strong>vero</strong></span> <span class='ocrx_word' id='word_1_72' title='bbox 1315 767 1599 820; x_wconf 87' lang='lat' dir='ltr'><strong>suspicionem</strong></span> 
     </span>
     <span class='ocr_line' id='line_1_11' title="bbox 87 836 1598 893; baseline -0.001 -15"><span class='ocrx_word' id='word_1_73' title='bbox 87 837 308 892; x_wconf 84' lang='lat' dir='ltr'><strong>ipsamque</strong></span> <span class='ocrx_word' id='word_1_74' title='bbox 350 838 733 893; x_wconf 86' lang='lat' dir='ltr'><strong>argumentationis</strong></span> <span class='ocrx_word' id='word_1_75' title='bbox 774 837 1090 879; x_wconf 83' lang='lat' dir='ltr'><strong>Ritschelianae</strong></span> <span class='ocrx_word' id='word_1_76' title='bbox 1131 838 1215 878; x_wconf 91' lang='lat' dir='ltr'><strong>vim</strong></span> <span class='ocrx_word' id='word_1_77' title='bbox 1258 840 1300 877; x_wconf 86' lang='lat' dir='ltr'><strong>et</strong></span> <span class='ocrx_word' id='word_1_78' title='bbox 1341 836 1598 891; x_wconf 84' lang='lat' dir='ltr'><strong>gravitatem</strong></span> 
     </span>
     <span class='ocr_line' id='line_1_12' title="bbox 87 906 1599 960; baseline 0 -13"><span class='ocrx_word' id='word_1_79' title='bbox 87 907 156 948; x_wconf 87' lang='lat' dir='ltr'><strong>vix</strong></span> <span class='ocrx_word' id='word_1_80' title='bbox 183 908 341 949; x_wconf 87' lang='lat' dir='ltr'><strong>talibus</strong></span> <span class='ocrx_word' id='word_1_81' title='bbox 367 908 617 950; x_wconf 88' lang='lat' dir='ltr'><strong>ratiunculis</strong></span> <span class='ocrx_word' id='word_1_82' title='bbox 644 907 839 950; x_wconf 84' lang='lat' dir='ltr'><strong>imminui</strong></span> <span class='ocrx_word' id='word_1_83' title='bbox 867 923 926 955; x_wconf 71' lang='lat' dir='ltr'><strong>ac,</strong></span> <span class='ocrx_word' id='word_1_84' title='bbox 941 907 1155 949; x_wconf 87' lang='lat' dir='ltr'><strong>debilitari</strong></span> <span class='ocrx_word' id='word_1_85' title='bbox 1182 906 1419 959; x_wconf 85' lang='lat' dir='ltr'><strong>credideris,</strong></span> <span class='ocrx_word' id='word_1_86' title='bbox 1452 906 1599 960; x_wconf 87' lang='lat' dir='ltr'><strong>quales</strong></span> 
     </span>
     <span class='ocr_line' id='line_1_13' title="bbox 88 976 1194 1034; baseline 0.001 -16"><span class='ocrx_word' id='word_1_87' title='bbox 88 976 138 1018; x_wconf 90' lang='lat' dir='ltr'><strong>de</strong></span> <span class='ocrx_word' id='word_1_88' title='bbox 170 977 428 1021; x_wconf 87' lang='lat' dir='ltr'><strong>Truculento</strong></span> <span class='ocrx_word' id='word_1_89' title='bbox 459 978 665 1020; x_wconf 87' lang='lat' dir='ltr'><strong>Dziatzko</strong></span> <span class='ocrx_word' id='word_1_90' title='bbox 698 979 972 1034; x_wconf 84' lang='lat' dir='ltr'><strong>excogitavit:</strong></span> <span class='ocrx_word' id='word_1_91' title='bbox 1005 994 1041 1020; x_wconf 89' lang='lat' dir='ltr'><strong>v.</strong></span> <span class='ocrx_word' id='word_1_92' title='bbox 1067 979 1194 1020; x_wconf 74' lang='lat'>1—3:</span> 
     </span>
    </p>
   </div>
   <div class='ocr_carea' id='block_1_3' title="bbox 298 1070 1393 1266">
    <p class='ocr_par' dir='ltr' id='par_1_3' title="bbox 298 1070 1393 1266">
     <span class='ocr_line' id='line_1_14' title="bbox 299 1070 1306 1126; baseline 0.001 -14"><span class='ocrx_word' id='word_1_93' title='bbox 299 1070 557 1126; x_wconf 74' lang='lat' dir='ltr'><strong>Perparvam</strong></span> <span class='ocrx_word' id='word_1_94' title='bbox 589 1074 756 1126; x_wconf 87' lang='lat' dir='ltr'><strong>partem</strong></span> <span class='ocrx_word' id='word_1_95' title='bbox 786 1072 979 1126; x_wconf 79' lang='lat' dir='ltr'><strong>postulat</strong></span> <span class='ocrx_word' id='word_1_96' title='bbox 1010 1071 1190 1113; x_wconf 81' lang='lat' dir='ltr'><strong>Plautus</strong></span> <span class='ocrx_word' id='word_1_97' title='bbox 1223 1072 1306 1113; x_wconf 89' lang='lat' dir='ltr'><strong>loci</strong></span> 
     </span>
     <span class='ocr_line' id='line_1_15' title="bbox 298 1140 1393 1196; baseline 0 -14"><span class='ocrx_word' id='word_1_98' title='bbox 298 1140 361 1182; x_wconf 91' lang='lat' dir='ltr'><strong>De</strong></span> <span class='ocrx_word' id='word_1_99' title='bbox 394 1141 548 1182; x_wconf 79' lang='lat' dir='ltr'><strong>vostris</strong></span> <span class='ocrx_word' id='word_1_100' title='bbox 581 1142 748 1196; x_wconf 86' lang='lat' dir='ltr'><strong>magnis</strong></span> <span class='ocrx_word' id='word_1_101' title='bbox 781 1143 907 1196; x_wconf 74' lang='lat' dir='ltr'><strong>atque</strong></span> <span class='ocrx_word' id='word_1_102' title='bbox 938 1142 1126 1183; x_wconf 87' lang='lat' dir='ltr'><strong>amoenis</strong></span> <span class='ocrx_word' id='word_1_103' title='bbox 1160 1141 1393 1194; x_wconf 77' lang='lat' dir='ltr'><strong>moenibus,</strong></span> 
     </span>
     <span class='ocr_line' id='line_1_16' title="bbox 299 1211 1245 1266; baseline 0.001 -14"><span class='ocrx_word' id='word_1_104' title='bbox 299 1211 495 1253; x_wconf 77' lang='lat' dir='ltr'><strong>Athenas</strong></span> <span class='ocrx_word' id='word_1_105' title='bbox 528 1227 610 1266; x_wconf 90' lang='lat' dir='ltr'><strong>quo</strong></span> <span class='ocrx_word' id='word_1_106' title='bbox 644 1212 736 1253; x_wconf 92' lang='lat' dir='ltr'><strong>sine</strong></span> <span class='ocrx_word' id='word_1_107' title='bbox 769 1212 1010 1254; x_wconf 76' lang='lat' dir='ltr'><strong>architectis</strong></span> <span class='ocrx_word' id='word_1_108' title='bbox 1043 1212 1245 1263; x_wconf 76' lang='lat' dir='ltr'><strong>conferat,</strong></span> 
     </span>
    </p>
   </div>
   <div class='ocr_carea' id='block_1_4' title="bbox 85 1306 1600 2063">
    <p class='ocr_par' dir='ltr' id='par_1_4' title="bbox 85 1306 1600 1768">
     <span class='ocr_line' id='line_1_17' title="bbox 88 1306 1598 1361; baseline 0 -14"><span class='ocrx_word' id='word_1_109' title='bbox 88 1320 183 1347; x_wconf 90' lang='lat' dir='ltr'><strong>cum</strong></span> <span class='ocrx_word' id='word_1_110' title='bbox 222 1321 297 1361; x_wconf 88' lang='lat' dir='ltr'><strong>per</strong></span> <span class='ocrx_word' id='word_1_111' title='bbox 337 1320 594 1361; x_wconf 66' lang='lat' dir='ltr'><strong>praesens,</strong></span> <span class='ocrx_word' id='word_1_112' title='bbox 619 1308 788 1361; x_wconf 87' lang='lat' dir='ltr'><strong>tempus</strong></span> <span class='ocrx_word' id='word_1_113' title='bbox 830 1307 961 1348; x_wconf 91' lang='lat' dir='ltr'><strong>verba</strong></span> <span class='ocrx_word' id='word_1_114' title='bbox 1001 1307 1125 1360; x_wconf 86' lang='lat' dir='ltr'><strong>fiant,</strong></span> <span class='ocrx_word' id='word_1_115' title='bbox 1169 1306 1370 1347; x_wconf 88' lang='lat' dir='ltr'><strong>adstricte</strong></span> <span class='ocrx_word' id='word_1_116' title='bbox 1413 1306 1598 1360; x_wconf 90' lang='lat' dir='ltr'><strong>quodam</strong></span> 
     </span>
     <span class='ocr_line' id='line_1_18' title="bbox 87 1370 1597 1432; baseline 0.001 -16"><span class='ocrx_word' id='word_1_117' title='bbox 87 1377 213 1418; x_wconf 91' lang='lat' dir='ltr'><strong>modo</strong></span> <span class='ocrx_word' id='word_1_118' title='bbox 245 1377 528 1419; x_wconf 86' lang='lat' dir='ltr'><strong>demonstrari</strong></span> <span class='ocrx_word' id='word_1_119' title='bbox 559 1392 683 1431; x_wconf 89' lang='lat' dir='ltr'><strong>posse</strong></span> <span class='ocrx_word' id='word_1_120' title='bbox 707 1370 820 1419; x_wconf 87' lang='lat' dir='ltr'><strong>hunc</strong></span> <span class='ocrx_word' id='word_1_121' title='bbox 844 1379 984 1419; x_wconf 89' lang='lat' dir='ltr'><strong>locum</strong></span> <span class='ocrx_word' id='word_1_122' title='bbox 1003 1378 1145 1420; x_wconf 89' lang='lat' dir='ltr'><strong>Plauti</strong></span> <span class='ocrx_word' id='word_1_123' title='bbox 1172 1376 1402 1432; x_wconf 84' lang='lat' dir='ltr'><strong>genuinum</strong></span> <span class='ocrx_word' id='word_1_124' title='bbox 1429 1374 1597 1432; x_wconf 56' lang='lat' dir='ltr'><strong>essem).</strong></span> 
     </span>
     <span class='ocr_line' id='line_1_19' title="bbox 88 1445 1600 1500; baseline 0.001 -14"><span class='ocrx_word' id='word_1_125' title='bbox 88 1445 197 1494; x_wconf 83' lang='lat' dir='ltr'><strong>Quid</strong></span> <span class='ocrx_word' id='word_1_126' title='bbox 227 1447 369 1488; x_wconf 80' lang='lat' dir='ltr'><strong>enim?</strong></span> <span class='ocrx_word' id='word_1_127' title='bbox 414 1445 458 1488; x_wconf 83' lang='lat' dir='ltr'><strong>Si</strong></span> <span class='ocrx_word' id='word_1_128' title='bbox 484 1447 550 1488; x_wconf 89' lang='lat' dir='ltr'><strong>vel</strong></span> <span class='ocrx_word' id='word_1_129' title='bbox 578 1448 928 1490; x_wconf 83' lang='lat' dir='ltr'><strong>sexcentesimam</strong></span> <span class='ocrx_word' id='word_1_130' title='bbox 959 1448 1090 1490; x_wconf 88' lang='lat' dir='ltr'><strong>fuisse</strong></span> <span class='ocrx_word' id='word_1_131' title='bbox 1118 1448 1327 1489; x_wconf 87' lang='lat' dir='ltr'><strong>actionem</strong></span> <span class='ocrx_word' id='word_1_132' title='bbox 1360 1447 1600 1500; x_wconf 88' lang='lat' dir='ltr'><strong>statuimus,</strong></span> 
     </span>
     <span class='ocr_line' id='line_1_20' title="bbox 88 1516 1597 1573; baseline 0.001 -17"><span class='ocrx_word' id='word_1_133' title='bbox 88 1518 230 1556; x_wconf 89' lang='lat' dir='ltr'><strong>utrum</strong></span> <span class='ocrx_word' id='word_1_134' title='bbox 271 1516 495 1558; x_wconf 90' lang='lat' dir='ltr'><strong>dicendum</strong></span> <span class='ocrx_word' id='word_1_135' title='bbox 536 1519 627 1559; x_wconf 89' lang='lat' dir='ltr'><strong>crat</strong></span> <span class='ocrx_word' id='word_1_136' title='bbox 666 1518 929 1573; x_wconf 85' lang='lat' dir='ltr'><strong>prologistae</strong></span> <span class='ocrx_word' id='word_1_137' title='bbox 971 1517 1096 1558; x_wconf 75' lang='lat' dir='ltr'><strong>‘olim</strong></span> <span class='ocrx_word' id='word_1_138' title='bbox 1137 1532 1392 1571; x_wconf 85' lang='lat' dir='ltr'><strong>perparvam</strong></span> <span class='ocrx_word' id='word_1_139' title='bbox 1432 1519 1597 1571; x_wconf 90' lang='lat' dir='ltr'><strong>partem</strong></span> 
     </span>
     <span class='ocr_line' id='line_1_21' title="bbox 86 1586 1597 1642; baseline 0.001 -16"><span class='ocrx_word' id='word_1_140' title='bbox 86 1586 262 1627; x_wconf 89' lang='lat' dir='ltr'><strong>Plautus</strong></span> <span class='ocrx_word' id='word_1_141' title='bbox 294 1586 558 1640; x_wconf 87' lang='lat' dir='ltr'><strong>postulabat&#39;</strong></span> <span class='ocrx_word' id='word_1_142' title='bbox 591 1587 658 1628; x_wconf 85' lang='lat' dir='ltr'><strong>vel</strong></span> <span class='ocrx_word' id='word_1_143' title='bbox 691 1586 970 1642; x_wconf 75' lang='lat' dir='ltr'><strong>‘postulavit&#39;,</strong></span> <span class='ocrx_word' id='word_1_144' title='bbox 1004 1602 1057 1628; x_wconf 85' lang='lat' dir='ltr'><strong>an</strong></span> <span class='ocrx_word' id='word_1_145' title='bbox 1090 1586 1301 1641; x_wconf 74' lang='lat' dir='ltr'><strong>‘postulat</strong></span> <span class='ocrx_word' id='word_1_146' title='bbox 1331 1586 1518 1640; x_wconf 89' lang='lat' dir='ltr'><strong>partem’</strong></span> <span class='ocrx_word' id='word_1_147' title='bbox 1545 1587 1597 1627; x_wconf 88' lang='lat' dir='ltr'><strong>ad</strong></span> 
     </span>
     <span class='ocr_line' id='line_1_22' title="bbox 85 1656 1599 1710; baseline 0 -13"><span class='ocrx_word' id='word_1_148' title='bbox 85 1656 196 1698; x_wconf 89' lang='lat' dir='ltr'><strong>hanc</strong></span> <span class='ocrx_word' id='word_1_149' title='bbox 252 1657 431 1710; x_wconf 87' lang='lat' dir='ltr'><strong>scilicet,</strong></span> <span class='ocrx_word' id='word_1_150' title='bbox 488 1671 615 1710; x_wconf 90' lang='lat' dir='ltr'><strong>quam</strong></span> <span class='ocrx_word' id='word_1_151' title='bbox 670 1658 755 1698; x_wconf 88' lang='lat' dir='ltr'><strong>iam</strong></span> <span class='ocrx_word' id='word_1_152' title='bbox 812 1658 899 1699; x_wconf 89' lang='lat' dir='ltr'><strong>sive</strong></span> <span class='ocrx_word' id='word_1_153' title='bbox 957 1657 1095 1698; x_wconf 90' lang='lat' dir='ltr'><strong>acturi</strong></span> <span class='ocrx_word' id='word_1_154' title='bbox 1146 1657 1233 1697; x_wconf 87' lang='lat' dir='ltr'><strong>sive</strong></span> <span class='ocrx_word' id='word_1_155' title='bbox 1282 1657 1461 1698; x_wconf 87' lang='lat' dir='ltr'><strong>relaturi</strong></span> <span class='ocrx_word' id='word_1_156' title='bbox 1512 1656 1599 1697; x_wconf 89' lang='lat' dir='ltr'><strong>sint</strong></span> 
     </span>
     <span class='ocr_line' id='line_1_23' title="bbox 86 1722 775 1768; baseline -0.004 0"><span class='ocrx_word' id='word_1_157' title='bbox 86 1726 306 1768; x_wconf 75' lang='lat' dir='ltr'><strong>fabulam?</strong></span> <span class='ocrx_word' id='word_1_158' title='bbox 772 1722 775 1723; x_wconf 44' lang='lat'><em>⁷</em></span> 
     </span>
    </p>

    <p class='ocr_par' dir='ltr' id='par_1_5' title="bbox 86 1796 1596 2063">
     <span class='ocr_line' id='line_1_24' title="bbox 204 1796 1596 1852; baseline 0 -14"><span class='ocrx_word' id='word_1_159' title='bbox 204 1796 401 1839; x_wconf 84' lang='lat' dir='ltr'><strong>Ceterum</strong></span> <span class='ocrx_word' id='word_1_160' title='bbox 438 1797 482 1838; x_wconf 89' lang='lat' dir='ltr'><strong>in</strong></span> <span class='ocrx_word' id='word_1_161' title='bbox 519 1797 587 1839; x_wconf 85' lang='lat' dir='ltr'><strong>his</strong></span> <span class='ocrx_word' id='word_1_162' title='bbox 624 1798 730 1852; x_wconf 89' lang='lat' dir='ltr'><strong>ipsis</strong></span> <span class='ocrx_word' id='word_1_163' title='bbox 769 1798 979 1848; x_wconf 64' lang='lat' dir='ltr'><strong>versibus&gt;</strong></span> <span class='ocrx_word' id='word_1_164' title='bbox 1002 1798 1200 1840; x_wconf 90' lang='lat' dir='ltr'><strong>mendum</strong></span> <span class='ocrx_word' id='word_1_165' title='bbox 1239 1799 1361 1852; x_wconf 86' lang='lat' dir='ltr'><strong>latet,</strong></span> <span class='ocrx_word' id='word_1_166' title='bbox 1402 1798 1596 1852; x_wconf 85' lang='lat' dir='ltr'><strong>quamvis</strong></span> 
     </span>
     <span class='ocr_line' id='line_1_25' title="bbox 88 1868 1596 1923; baseline 0 -15"><span class='ocrx_word' id='word_1_167' title='bbox 88 1868 254 1922; x_wconf 88' lang='lat' dir='ltr'><strong>pridem</strong></span> <span class='ocrx_word' id='word_1_168' title='bbox 292 1883 317 1910; x_wconf 91' lang='lat' dir='ltr'><strong>a</strong></span> <span class='ocrx_word' id='word_1_169' title='bbox 354 1868 500 1922; x_wconf 89' lang='lat' dir='ltr'><strong>Lipsio</strong></span> <span class='ocrx_word' id='word_1_170' title='bbox 533 1868 634 1910; x_wconf 88' lang='lat' dir='ltr'><strong>Ant.</strong></span> <span class='ocrx_word' id='word_1_171' title='bbox 666 1869 760 1910; x_wconf 89' lang='lat' dir='ltr'><strong>lect.</strong></span> <span class='ocrx_word' id='word_1_172' title='bbox 793 1868 845 1922; x_wconf 83' lang='lat' dir='ltr'><strong>V,</strong></span> <span class='ocrx_word' id='word_1_173' title='bbox 876 1869 901 1910; x_wconf 83' lang='lat'>3</span> <span class='ocrx_word' id='word_1_174' title='bbox 943 1869 1154 1910; x_wconf 89' lang='lat' dir='ltr'><strong>detectum</strong></span> <span class='ocrx_word' id='word_1_175' title='bbox 1191 1869 1376 1923; x_wconf 89' lang='lat' dir='ltr'><strong>itemque</strong></span> <span class='ocrx_word' id='word_1_176' title='bbox 1415 1883 1466 1909; x_wconf 84' lang='lat' dir='ltr'><strong>ex</strong></span> <span class='ocrx_word' id='word_1_177' title='bbox 1507 1868 1596 1909; x_wconf 92' lang='lat' dir='ltr'><strong>eius</strong></span> 
     </span>
     <span class='ocr_line' id='line_1_26' title="bbox 86 1937 1596 1994; baseline 0 -15"><span class='ocrx_word' id='word_1_178' title='bbox 86 1939 328 1980; x_wconf 89' lang='lat' dir='ltr'><strong>coniectura</strong></span> <span class='ocrx_word' id='word_1_179' title='bbox 365 1939 410 1979; x_wconf 89' lang='lat' dir='ltr'><strong>in</strong></span> <span class='ocrx_word' id='word_1_180' title='bbox 451 1938 642 1980; x_wconf 89' lang='lat' dir='ltr'><strong>Pareana</strong></span> <span class='ocrx_word' id='word_1_181' title='bbox 680 1940 816 1980; x_wconf 88' lang='lat' dir='ltr'><strong>altera</strong></span> <span class='ocrx_word' id='word_1_182' title='bbox 832 1937 882 1994; x_wconf 67' lang='grc'><strong>77)</strong></span> <span class='ocrx_word' id='word_1_183' title='bbox 922 1939 1137 1980; x_wconf 89' lang='lat' dir='ltr'><strong>sublatum</strong></span> <span class='ocrx_word' id='word_1_184' title='bbox 1170 1940 1236 1981; x_wconf 88' lang='lat' dir='ltr'><strong>sit.</strong></span> <span class='ocrx_word' id='word_1_185' title='bbox 1297 1939 1348 1980; x_wconf 91' lang='lat' dir='ltr'><strong>In</strong></span> <span class='ocrx_word' id='word_1_186' title='bbox 1381 1938 1596 1979; x_wconf 88' lang='lat' dir='ltr'><strong>codicibus</strong></span> 
     </span>
     <span class='ocr_line' id='line_1_27' title="bbox 86 2008 1594 2063; baseline -0.001 -13"><span class='ocrx_word' id='word_1_187' title='bbox 86 2008 198 2050; x_wconf 89' lang='lat' dir='ltr'><strong>enim</strong></span> <span class='ocrx_word' id='word_1_188' title='bbox 218 2021 312 2049; x_wconf 90' lang='lat' dir='ltr'><strong>cum</strong></span> <span class='ocrx_word' id='word_1_189' title='bbox 332 2022 409 2061; x_wconf 87' lang='lat' dir='ltr'><strong>pro</strong></span> <span class='ocrx_word' id='word_1_190' title='bbox 429 2008 476 2049; x_wconf 81' lang='lat' dir='ltr'><strong>de</strong></span> <span class='ocrx_word' id='word_1_191' title='bbox 494 2009 641 2050; x_wconf 73' lang='lat' dir='ltr'><strong>nestris</strong></span> <span class='ocrx_word' id='word_1_192' title='bbox 661 2008 863 2050; x_wconf 88' lang='lat' dir='ltr'><strong>traditum</strong></span> <span class='ocrx_word' id='word_1_193' title='bbox 885 2008 941 2049; x_wconf 90' lang='lat' dir='ltr'><strong>sit</strong></span> <span class='ocrx_word' id='word_1_194' title='bbox 959 2009 1168 2060; x_wconf 64' lang='lat' dir='ltr'><strong>decenter-is,</strong></span> <span class='ocrx_word' id='word_1_195' title='bbox 1196 2008 1366 2063; x_wconf 88' lang='lat' dir='ltr'><strong>Lipsius</strong></span> <span class='ocrx_word' id='word_1_196' title='bbox 1387 2008 1594 2056; x_wconf 86' lang='lat' dir='ltr'><strong>restituit:</strong></span> 
     </span>
    </p>
   </div>
   <div class='ocr_carea' id='block_1_5' title="bbox 264 2101 1395 2156">
    <p class='ocr_par' dir='ltr' id='par_1_6' title="bbox 264 2101 1395 2156">
     <span class='ocr_line' id='line_1_28' title="bbox 264 2101 1395 2156; baseline 0.002 -14"><span class='ocrx_word' id='word_1_197' title='bbox 264 2101 327 2142; x_wconf 90' lang='lat' dir='ltr'><strong>De</strong></span> <span class='ocrx_word' id='word_1_198' title='bbox 359 2102 544 2142; x_wconf 89' lang='lat' dir='ltr'><strong>moeris</strong></span> <span class='ocrx_word' id='word_1_199' title='bbox 577 2103 745 2156; x_wconf 88' lang='lat' dir='ltr'><strong>magnis</strong></span> <span class='ocrx_word' id='word_1_200' title='bbox 778 2104 905 2156; x_wconf 85' lang='lat' dir='ltr'><strong>atque</strong></span> <span class='ocrx_word' id='word_1_201' title='bbox 939 2103 1129 2144; x_wconf 89' lang='lat' dir='ltr'><strong>amoenis</strong></span> <span class='ocrx_word' id='word_1_202' title='bbox 1162 2102 1395 2144; x_wconf 75' lang='lat' dir='ltr'><strong>moenibus,</strong></span> 
     </span>
    </p>
   </div>
   <div class='ocr_carea' id='block_1_6' title="bbox 84 2193 1594 2322">
    <p class='ocr_par' dir='ltr' id='par_1_7' title="bbox 84 2193 1594 2322">
     <span class='ocr_line' id='line_1_29' title="bbox 87 2193 1594 2250; baseline 0.001 -13"><span class='ocrx_word' id='word_1_203' title='bbox 87 2195 247 2237; x_wconf 81' lang='lat' dir='ltr'><strong>Contra</strong></span> <span class='ocrx_word' id='word_1_204' title='bbox 279 2209 403 2249; x_wconf 89' lang='lat' dir='ltr'><strong>quem</strong></span> <span class='ocrx_word' id='word_1_205' title='bbox 424 2193 632 2236; x_wconf 84' lang='lat' dir='ltr'><strong>Gruterus</strong></span> <span class='ocrx_word' id='word_1_206' title='bbox 666 2195 890 2236; x_wconf 87' lang='lat' dir='ltr'><strong>absurdius</strong></span> <span class='ocrx_word' id='word_1_207' title='bbox 922 2195 984 2236; x_wconf 90' lang='lat' dir='ltr'><strong>nil</strong></span> <span class='ocrx_word' id='word_1_208' title='bbox 1017 2210 1108 2237; x_wconf 89' lang='lat' dir='ltr'><strong>esse</strong></span> <span class='ocrx_word' id='word_1_209' title='bbox 1140 2196 1246 2237; x_wconf 85' lang='lat' dir='ltr'><strong>dixit</strong></span> <span class='ocrx_word' id='word_1_210' title='bbox 1271 2211 1398 2250; x_wconf 88' lang='lat' dir='ltr'><strong>quam</strong></span> <span class='ocrx_word' id='word_1_211' title='bbox 1420 2195 1594 2238; x_wconf 75' lang='lat' dir='ltr'><strong>‘muros&#39;</strong></span> 
     </span>
     <span class='ocr_line' id='line_1_30' title="bbox 84 2264 1594 2322; baseline 0.001 -15"><span class='ocrx_word' id='word_1_212' title='bbox 84 2265 145 2307; x_wconf 90' lang='lat' dir='ltr'><strong>ibi</strong></span> <span class='ocrx_word' id='word_1_213' title='bbox 176 2264 291 2319; x_wconf 87' lang='lat' dir='ltr'><strong>poni,</strong></span> <span class='ocrx_word' id='word_1_214' title='bbox 323 2264 396 2305; x_wconf 90' lang='lat' dir='ltr'><strong>ubi</strong></span> <span class='ocrx_word' id='word_1_215' title='bbox 429 2265 575 2306; x_wconf 87' lang='lat' dir='ltr'><strong>statim</strong></span> <span class='ocrx_word' id='word_1_216' title='bbox 609 2267 840 2319; x_wconf 88' lang='lat' dir='ltr'><strong>sequantur</strong></span> <span class='ocrx_word' id='word_1_217' title='bbox 872 2264 1096 2319; x_wconf 73' lang='lat' dir='ltr'><strong>‘moenia&#39;,</strong></span> <span class='ocrx_word' id='word_1_218' title='bbox 1128 2265 1418 2322; x_wconf 88' lang='lat' dir='ltr'><strong>Palatinorum</strong></span> <span class='ocrx_word' id='word_1_219' title='bbox 1451 2270 1594 2308; x_wconf 87' lang='lat' dir='ltr'><strong>autem</strong></span> 
     </span>
    </p>
   </div>
   <div class='ocr_carea' id='block_1_7' title="bbox 83 2403 1595 2863">
    <p class='ocr_par' dir='ltr' id='par_1_8' title="bbox 83 2403 1595 2800">
     <span class='ocr_line' id='line_1_31' title="bbox 181 2403 1595 2451; baseline 0.001 -12"><span class='ocrx_word' id='word_1_220' title='bbox 181 2405 237 2448; x_wconf 84' lang='lat'><strong>76)</strong></span> <span class='ocrx_word' id='word_1_221' title='bbox 265 2403 368 2439; x_wconf 54' lang='grc' dir='ltr'><strong>τΠεῑ),</strong></span> <span class='ocrx_word' id='word_1_222' title='bbox 395 2403 429 2438; x_wconf 86' lang='lat' dir='ltr'><strong>d.</strong></span> <span class='ocrx_word' id='word_1_223' title='bbox 458 2403 584 2440; x_wconf 81' lang='lat' dir='ltr'><strong>Plaut.</strong></span> <span class='ocrx_word' id='word_1_224' title='bbox 614 2404 713 2440; x_wconf 82' lang='lat' dir='ltr'><strong>Prol.</strong></span> <span class='ocrx_word' id='word_1_225' title='bbox 754 2405 850 2450; x_wconf 74' lang='lat' dir='ltr'><strong>Any.</strong></span> <span class='ocrx_word' id='word_1_226' title='bbox 879 2404 1088 2449; x_wconf 77' lang='lat' dir='ltr'><strong>Gesichtsp.’</strong></span> <span class='ocrx_word' id='word_1_227' title='bbox 1128 2405 1276 2440; x_wconf 87' lang='lat' dir='ltr'><strong>Luzern.</strong></span> <span class='ocrx_word' id='word_1_228' title='bbox 1310 2416 1341 2440; x_wconf 89' lang='lat' dir='ltr'><strong>a.</strong></span> <span class='ocrx_word' id='word_1_229' title='bbox 1370 2409 1459 2441; x_wconf 82' lang='lat'>1867</span> <span class='ocrx_word' id='word_1_230' title='bbox 1494 2418 1528 2451; x_wconf 85' lang='lat' dir='ltr'><strong>p.</strong></span> <span class='ocrx_word' id='word_1_231' title='bbox 1556 2410 1595 2441; x_wconf 79' lang='lat'><strong>2:</strong></span> 
     </span>
     <span class='ocr_line' id='line_1_32' title="bbox 85 2463 1593 2508; baseline 0.001 -9"><span class='ocrx_word' id='word_1_232' title='bbox 85 2463 331 2508; x_wconf 74' lang='lat' dir='ltr'><strong>‘Desyleichen</strong></span> <span class='ocrx_word' id='word_1_233' title='bbox 350 2463 437 2497; x_wconf 71' lang='lat' dir='ltr'><strong>ldsst</strong></span> <span class='ocrx_word' id='word_1_234' title='bbox 455 2463 530 2498; x_wconf 84' lang='lat' dir='ltr'><strong>sich</strong></span> <span class='ocrx_word' id='word_1_235' title='bbox 554 2464 653 2498; x_wconf 76' lang='lat' dir='ltr'><strong>nicht</strong></span> <span class='ocrx_word' id='word_1_236' title='bbox 678 2465 840 2508; x_wconf 69' lang='lat' dir='ltr'><strong>Ienynen,</strong></span> <span class='ocrx_word' id='word_1_237' title='bbox 865 2464 949 2498; x_wconf 82' lang='lat' dir='ltr'><strong>dass</strong></span> <span class='ocrx_word' id='word_1_238' title='bbox 974 2464 1031 2498; x_wconf 82' lang='lat' dir='ltr'><strong>die</strong></span> <span class='ocrx_word' id='word_1_239' title='bbox 1056 2467 1078 2498; x_wconf 89' lang='lat'><em>3</em></span> <span class='ocrx_word' id='word_1_240' title='bbox 1104 2469 1218 2499; x_wconf 80' lang='lat' dir='ltr'><strong>ersten</strong></span> <span class='ocrx_word' id='word_1_241' title='bbox 1239 2465 1344 2500; x_wconf 81' lang='lat' dir='ltr'><strong>Verse</strong></span> <span class='ocrx_word' id='word_1_242' title='bbox 1367 2466 1427 2500; x_wconf 81' lang='lat' dir='ltr'><strong>des</strong></span> <span class='ocrx_word' id='word_1_243' title='bbox 1456 2466 1593 2501; x_wconf 76' lang='lat' dir='ltr'><strong><em>Trucu-</em></strong></span> 
     </span>
     <span class='ocr_line' id='line_1_33' title="bbox 86 2521 1595 2567; baseline 0.001 -10"><span class='ocrx_word' id='word_1_244' title='bbox 86 2521 362 2566; x_wconf 72' lang='lat' dir='ltr'><strong>lentusproloyes</strong></span> <span class='ocrx_word' id='word_1_245' title='bbox 393 2523 483 2555; x_wconf 69' lang='lat' dir='ltr'><strong>trotz</strong></span> <span class='ocrx_word' id='word_1_246' title='bbox 514 2522 576 2555; x_wconf 82' lang='lat' dir='ltr'><strong>der</strong></span> <span class='ocrx_word' id='word_1_247' title='bbox 610 2523 870 2556; x_wconf 80' lang='lat' dir='ltr'><strong>namentlichen</strong></span> <span class='ocrx_word' id='word_1_248' title='bbox 902 2522 1141 2567; x_wconf 72' lang='lat' dir='ltr'><strong>Erwc&#39;ihnuny</strong></span> <span class='ocrx_word' id='word_1_249' title='bbox 1178 2524 1236 2557; x_wconf 82' lang='lat' dir='ltr'><strong>des</strong></span> <span class='ocrx_word' id='word_1_250' title='bbox 1268 2524 1435 2559; x_wconf 80' lang='lat' dir='ltr'><strong>Dichters</strong></span> <span class='ocrx_word' id='word_1_251' title='bbox 1465 2525 1595 2559; x_wconf 80' lang='lat' dir='ltr'><strong>Nichts</strong></span> 
     </span>
     <span class='ocr_line' id='line_1_34' title="bbox 85 2579 1595 2626; baseline 0.001 -10"><span class='ocrx_word' id='word_1_252' title='bbox 85 2581 217 2623; x_wconf 81' lang='lat' dir='ltr'><strong>bieten,</strong></span> <span class='ocrx_word' id='word_1_253' title='bbox 242 2590 316 2615; x_wconf 70' lang='lat' dir='ltr'><strong>was</strong></span> <span class='ocrx_word' id='word_1_254' title='bbox 339 2579 390 2614; x_wconf 81' lang='lat' dir='ltr'><strong>sie</strong></span> <span class='ocrx_word' id='word_1_255' title='bbox 415 2580 542 2624; x_wconf 72' lang='lat' dir='ltr'><strong>iryend</strong></span> <span class='ocrx_word' id='word_1_256' title='bbox 566 2581 817 2626; x_wconf 72' lang='lat' dir='ltr'><strong>verddchtiqen</strong></span> <span class='ocrx_word' id='word_1_257' title='bbox 841 2581 989 2616; x_wconf 74' lang='lat' dir='ltr'><strong>ko&#39;nnte:</strong></span> <span class='ocrx_word' id='word_1_258' title='bbox 1019 2581 1065 2625; x_wconf 79' lang='lat' dir='ltr'><strong>ja</strong></span> <span class='ocrx_word' id='word_1_259' title='bbox 1089 2592 1124 2616; x_wconf 83' lang='lat' dir='ltr'><strong>es</strong></span> <span class='ocrx_word' id='word_1_260' title='bbox 1148 2582 1248 2617; x_wconf 77' lang='lat' dir='ltr'><strong>kann</strong></span> <span class='ocrx_word' id='word_1_261' title='bbox 1272 2583 1350 2618; x_wconf 86' lang='lat' dir='ltr'><strong>das</strong></span> <span class='ocrx_word' id='word_1_262' title='bbox 1379 2583 1595 2618; x_wconf 76' lang='lat' dir='ltr'><strong>Praesens</strong></span> 
     </span>
     <span class='ocr_line' id='line_1_35' title="bbox 84 2639 1595 2686; baseline 0.002 -12"><span class='ocrx_word' id='word_1_263' title='bbox 84 2640 147 2674; x_wconf 83' lang='lat' dir='ltr'><strong>der</strong></span> <span class='ocrx_word' id='word_1_264' title='bbox 167 2639 283 2674; x_wconf 80' lang='lat' dir='ltr'><strong>Verba</strong></span> <span class='ocrx_word' id='word_1_265' title='bbox 307 2639 385 2672; x_wconf 73' lang='lat' dir='ltr'><strong>aher</strong></span> <span class='ocrx_word' id='word_1_266' title='bbox 409 2639 464 2677; x_wconf 78' lang='lat' dir='ltr'><strong>als</strong></span> <span class='ocrx_word' id='word_1_267' title='bbox 482 2640 705 2682; x_wconf 77' lang='lat' dir='ltr'><strong>positiver</strong></span> <span class='ocrx_word' id='word_1_268' title='bbox 724 2640 760 2673; x_wconf 90' lang='lat' dir='ltr'><strong><em>B</em></strong></span> <span class='ocrx_word' id='word_1_269' title='bbox 768 2641 890 2674; x_wconf 82' lang='lat' dir='ltr'><strong>eweis</strong></span> <span class='ocrx_word' id='word_1_270' title='bbox 914 2641 977 2682; x_wconf 67' lang='grc' dir='ltr'><strong>Γᾶν</strong></span> <span class='ocrx_word' id='word_1_271' title='bbox 1002 2641 1077 2675; x_wconf 81' lang='lat' dir='ltr'><strong>ihre</strong></span> <span class='ocrx_word' id='word_1_272' title='bbox 1090 2641 1255 2675; x_wconf 73' lang='lat' dir='ltr'><strong>Echtheit</strong></span> <span class='ocrx_word' id='word_1_273' title='bbox 1279 2643 1419 2686; x_wconf 79' lang='lat' dir='ltr'><strong>yeltend</strong></span> <span class='ocrx_word' id='word_1_274' title='bbox 1436 2644 1595 2686; x_wconf 77' lang='lat' dir='ltr'><strong>yemaeht</strong></span> 
     </span>
     <span class='ocr_line' id='line_1_36' title="bbox 83 2696 1593 2744; baseline 0.003 -12"><span class='ocrx_word' id='word_1_275' title='bbox 83 2698 249 2733; x_wconf 82' lang='lat' dir='ltr'><strong>werden.&#39;</strong></span> <span class='ocrx_word' id='word_1_276' title='bbox 301 2696 354 2734; x_wconf 91' lang='lat' dir='ltr'><strong>Cf.</strong></span> <span class='ocrx_word' id='word_1_277' title='bbox 379 2697 471 2732; x_wconf 82' lang='lat' dir='ltr'><strong>Mus.</strong></span> <span class='ocrx_word' id='word_1_278' title='bbox 497 2697 613 2732; x_wconf 88' lang='lat' dir='ltr'><strong>Rhen.</strong></span> <span class='ocrx_word' id='word_1_279' title='bbox 639 2699 665 2733; x_wconf 92' lang='lat' dir='ltr'><strong>t.</strong></span> <span class='ocrx_word' id='word_1_280' title='bbox 691 2698 809 2732; x_wconf 85' lang='lat' dir='ltr'>XXIX</span> <span class='ocrx_word' id='word_1_281' title='bbox 834 2710 868 2742; x_wconf 79' lang='lat' dir='ltr'><strong>p.</strong></span> <span class='ocrx_word' id='word_1_282' title='bbox 897 2702 940 2733; x_wconf 88' lang='grc'><strong>60</strong></span> <span class='ocrx_word' id='word_1_283' title='bbox 966 2699 1023 2743; x_wconf 87' lang='lat' dir='ltr'><strong>(cf.</strong></span> <span class='ocrx_word' id='word_1_284' title='bbox 1052 2703 1093 2733; x_wconf 88' lang='lat'><strong>51</strong></span> <span class='ocrx_word' id='word_1_285' title='bbox 1115 2702 1181 2744; x_wconf 87' lang='lat' dir='ltr'><strong>sq.)</strong></span> <span class='ocrx_word' id='word_1_286' title='bbox 1210 2700 1317 2735; x_wconf 67' lang='lat' dir='ltr'><strong>‘aber</strong></span> <span class='ocrx_word' id='word_1_287' title='bbox 1350 2700 1389 2735; x_wconf 92' lang='lat' dir='ltr'><strong>V.</strong></span> <span class='ocrx_word' id='word_1_288' title='bbox 1415 2704 1508 2736; x_wconf 87' lang='lat'><strong>1—3</strong></span> <span class='ocrx_word' id='word_1_289' title='bbox 1534 2713 1593 2735; x_wconf 86' lang='lat' dir='ltr'><strong>ur-</strong></span> 
     </span>
     <span class='ocr_line' id='line_1_37' title="bbox 85 2757 747 2800; baseline 0.002 -9"><span class='ocrx_word' id='word_1_290' title='bbox 85 2757 188 2791; x_wconf 77' lang='lat' dir='ltr'><strong>theile</strong></span> <span class='ocrx_word' id='word_1_291' title='bbox 212 2757 269 2791; x_wconf 75' lang='lat' dir='ltr'><strong>ich</strong></span> <span class='ocrx_word' id='word_1_292' title='bbox 293 2757 383 2791; x_wconf 80' lang='lat' dir='ltr'><strong>noch</strong></span> <span class='ocrx_word' id='word_1_293' title='bbox 406 2767 455 2800; x_wconf 85' lang='lat' dir='ltr'><strong>so,</strong></span> <span class='ocrx_word' id='word_1_294' title='bbox 480 2757 545 2792; x_wconf 85' lang='lat' dir='ltr'><strong>wie</strong></span> <span class='ocrx_word' id='word_1_295' title='bbox 570 2769 603 2792; x_wconf 86' lang='grc' dir='ltr'><strong>α.</strong></span> <span class='ocrx_word' id='word_1_296' title='bbox 630 2770 662 2792; x_wconf 82' lang='lat' dir='ltr'><strong>a.</strong></span> <span class='ocrx_word' id='word_1_297' title='bbox 692 2758 747 2792; x_wconf 83' lang='lat'><strong>0.’</strong></span> 
     </span>
    </p>

    <p class='ocr_par' dir='ltr' id='par_1_9' title="bbox 181 2808 1520 2863">
     <span class='ocr_line' id='line_1_38' title="bbox 181 2808 1520 2863; baseline 0.002 -13"><span class='ocrx_word' id='word_1_298' title='bbox 181 2817 238 2859; x_wconf 84' lang='lat'><strong>77)</strong></span> <span class='ocrx_word' id='word_1_299' title='bbox 264 2816 304 2850; x_wconf 90' lang='lat' dir='ltr'><strong>In</strong></span> <span class='ocrx_word' id='word_1_300' title='bbox 329 2816 440 2851; x_wconf 82' lang='lat' dir='ltr'><strong>tertia</strong></span> <span class='ocrx_word' id='word_1_301' title='bbox 465 2816 618 2851; x_wconf 84' lang='lat' dir='ltr'><strong>retraxit</strong></span> <span class='ocrx_word' id='word_1_302' title='bbox 642 2816 777 2852; x_wconf 76' lang='lat' dir='ltr'><strong>Par-eus</strong></span> <span class='ocrx_word' id='word_1_303' title='bbox 798 2808 1031 2853; x_wconf 59' lang='lat' dir='ltr'><strong>⁴Grrutcrianis</strong></span> <span class='ocrx_word' id='word_1_304' title='bbox 1058 2817 1228 2853; x_wconf 84' lang='lat' dir='ltr'><strong>convitiis</strong></span> <span class='ocrx_word' id='word_1_305' title='bbox 1254 2819 1520 2863; x_wconf 86' lang='lat' dir='ltr'><strong>obtemperans.</strong></span> 
     </span>
    </p>
   </div>
  </div>
 </body>
</html>
