1688 2978
697 117 753 123 ..
815 83 987 133 50⁶„-

85 197 206 238 illam
238 195 289 251 (I,
319 198 354 250 1,
375 196 449 250 (383
482 197 521 251 2,
541 196 636 252 92),
667 212 794 252 quam
820 211 983 238 meram
1015 199 1141 251 putat
1167 195 1484 238 simulationem
1516 208 1607 235 esse

83 282 160 308 nec
218 282 369 322 reapse
419 267 567 309 adesse
626 268 834 309 infantem
892 267 1080 322 aliquem
1136 268 1234 308 scit:
1290 266 1358 308 his
1413 264 1607 306 versibus

84 338 322 379 certissime
361 337 472 379 ‘eum
513 337 706 392 puerum’
745 342 1061 380 commemorat.
1124 338 1240 387 Quae
1281 351 1376 378 cum
1415 336 1477 377 ita
1520 335 1608 376 sint

84 408 216 449 etiam
248 408 394 461 opinor
419 422 496 462 pro
524 421 623 461 offas
649 405 742 464 (est)
775 408 982 450 insertum
1014 408 1084 450 vix
1111 407 1284 463 probari
1311 405 1483 461 poterit,
1509 419 1606 447 cum

86 479 188 532 quia
219 478 366 518 eadem
400 479 566 519 ratione
597 478 670 530 IV,
696 479 735 527 4,
763 479 819 519 20
850 479 976 519 redit:

175 559 248 601 Di.
298 559 423 602 Nunc
456 574 633 614 puerum
666 560 803 602 redde.
838 560 948 603 Phr.
981 549 1118 602 lmmo
1147 559 1306 620 *amabo
1333 561 1380 600 ut
1411 558 1489 600 hos
1517 558 1606 600 dies

653 631 820 685 aliquos
854 631 972 672 sinas

298 700 411 742 Eum
445 702 535 742 esse
568 701 681 755 apud
713 716 792 742 me.
833 700 907 743 Di.
939 700 1140 760 Msnume3
1178 699 1287 742 Phr.
1318 698 1495 741 Amabo.
1532 697 1607 739 Di.

655 771 784 822 Quid
805 785 853 812 eo
878 772 1049 824 opust?
1086 770 1196 811 Phr.
1221 770 1272 810 In
1298 771 1388 810 rem
1413 771 1607 809 meamst.

87 857 180 894 tum
219 868 319 895 vero
359 853 474 908 quia,
512 853 683 894 etiamsi
722 869 771 894 ex
804 852 1034 908 ‘opinione’
1067 855 1234 894 tantum
1268 850 1607 906 suppositionem

86 923 343 965 Diniarchus
377 924 463 965 iam
491 926 756 965 commentus
784 927 892 975 erat,
926 926 1066 965 mente
1091 938 1177 965 non
1209 918 1607 976 comprehendimus

86 998 306 1049 comperta
350 994 498 1036 fraude
540 995 703 1036 amicae
745 995 815 1048 qui
859 997 981 1035 tanto
1025 997 1198 1048 stupore
1240 993 1447 1034 exclamet
1478 991 1538 1044 ΙΙ,
1569 991 1607 1043 4,

88 1065 145 1106 80
161 1080 270 1120 sqq:

298 1135 380 1175 Pro
413 1135 454 1175 di
486 1134 763 1187 immortalis,
794 1136 880 1175 11611
912 1135 1096 1176 amantis
1129 1133 1337 1186 mulieris,

300 1203 384 1246 Sed
415 1203 708 1248 unanimantis
741 1204 880 1245 sociae
912 1203 1080 1246 fidentis
1112 1203 1214 1257 fuit,

300 1268 499 1316 Officium
529 1274 670 1315 facere
704 1274 816 1328 quod
849 1275 975 1315 modo
1008 1274 1113 1315 haec
1143 1272 1247 1315 fecit
1278 1274 1400 1314 mihi:

300 1343 653 1398 Suppositionem
686 1344 808 1398 pueri
841 1358 947 1398 quae
979 1344 1086 1386 mihi
1119 1342 1316 1398 credidit,

300 1414 540 1456 Germanae
571 1414 685 1469 quod
717 1415 853 1456 sorori
884 1429 970 1455 non
1001 1413 1136 1454 credit
1167 1428 1298 1455 soror.

302 1485 503 1527 Ostendit
535 1500 627 1527 sese
659 1486 746 1526 iam
779 1485 886 1526 mihi
918 1485 1166 1526 medullitus
1290 1529 1292 1531 ,

301 1554 353 1596 Se
385 1555 492 1596 mihi
523 1555 739 1597 infidelem
771 1559 990 1609 nunquam
1024 1556 1122 1596 dum
1155 1555 1273 1596 vivat
1304 1555 1408 1596 fore.

86 1639 224 1680 Immo
264 1637 447 1692 simplex
486 1637 707 1679 Diniarchi
753 1637 973 1691 ingenium
1011 1652 1036 1678 a
1073 1637 1152 1678 tali
1197 1636 1437 1691 suspicione
1481 1636 1608 1689 longe

86 1713 301 1752 remotum
352 1709 455 1748 erat.
527 1707 619 1748 Iam
669 1722 769 1749 vero
819 1707 926 1748 haec
970 1707 1006 1747 si
1051 1707 1193 1748 animo
1239 1705 1607 1760 comprehenderis

87 1781 283 1834 idemque
316 1779 353 1820 si
383 1778 646 1833 reputaveris
679 1793 765 1820 non
797 1778 924 1820 modo
957 1778 1177 1832 aptissime
1210 1792 1302 1819 sese
1335 1777 1542 1831 excipere:

299 1847 521 1903 Peperisse
554 1836 732 1890 simulat
764 1849 855 1890 sese
887 1852 935 1891 ut
967 1863 1033 1889 me
1066 1848 1263 1890 extrudat
1292 1847 1426 1900 foras,

300 1920 443 1974 Atque
475 1922 525 1960 iit
557 1933 653 1960 cum
686 1919 778 1961 solo
811 1920 1109 1974 pergraecetur
1140 1917 1300 1972 milite3

301 1990 411 2032 Mihi
443 1990 574 2031 verba
606 1992 722 2032 retur
753 1990 854 2032 dare
887 1991 977 2032 sed:
1011 2005 1066 2031 an
1098 2002 1165 2031 me
1197 1989 1362 2031 censuit

301 2060 451 2103 Celare
484 2075 527 2101 se
560 2062 730 2115 potesse
764 2060 940 2116 gravida
971 2059 1010 2102 si'
1037 2060 1177 2103 foret?

88 2164 275 2208 particeps
291 2165 509 2209 Astaphium
530 2167 602 2200 est:
629 2165 724 2199 unde
745 2165 807 2199 ubi
829 2164 985 2210 primum
1008 2164 1198 2209 conspexit
1218 2164 1258 2208 (Ι,
1279 2169 1311 2209 2,
1326 2166 1385 2209 26)
1412 2164 1459 2198 ad
1479 2174 1608 2199 cenam

88 2224 214 2267 vocat,
247 2222 318 2257 nisi
352 2223 450 2267 quod
477 2223 609 2258 deinde
635 2225 676 2258 ut
707 2223 749 2258 fit
773 2223 811 2258 in
837 2224 999 2259 convitia
1024 2235 1061 2258 se
1087 2222 1208 2268 abripi
1233 2223 1374 2268 patitur
1405 2235 1487 2258 cum
1519 2223 1607 2258 adu-

88 2282 270 2325 lescente,
296 2293 405 2325 quem
426 2293 462 2316 se
488 2281 608 2327 ipsam
629 2282 749 2316 odisse
769 2294 947 2326 nusquam
969 2282 1178 2317 dissimulat
1197 2282 1254 2325 (11,
1272 2286 1301 2324 1,
1318 2286 1354 2324 1;
1381 2286 1412 2325 2,
1429 2283 1497 2325 65).
1537 2281 1608 2315 Sed

89 2340 235 2375 sceleris
268 2340 432 2385 cognitio
464 2341 506 2374 ut
538 2351 583 2375 ne
610 2340 774 2376 offendat
806 2340 930 2385 potius
963 2351 1073 2384 quam
1106 2340 1230 2385 capiat
1260 2339 1402 2375 iuvenis
1433 2340 1608 2382 animum,

88 2399 160 2443 ipsi
187 2399 385 2443 aperienda
411 2398 553 2433 amicae
579 2400 651 2444 est,
684 2410 758 2432 11011
783 2398 991 2433 ancillulae.
1041 2399 1135 2433 Hinc
1167 2398 1384 2443 explicanda
1414 2399 1499 2433 sunt
1524 2398 1556 2441 Ι,
1577 2402 1609 2442 2,

89 2462 132 2493 33
146 2469 225 2502 sqq.
252 2469 370 2502 neque
404 2469 447 2492 eo
474 2468 557 2492 cum
583 2456 734 2493 Goetzio
766 2457 1078 2501 descendendum,
1115 2459 1157 2492 ut
1186 2457 1364 2493 iocularia
1387 2457 1608 2502 Astaphium

89 2516 253 2560 proferre
291 2517 472 2551 dicamus:
514 2516 586 2551 ‘die
618 2517 785 2551 Antioc-rt
822 2517 885 2551 der
916 2517 1135 2560 Astaphium
1169 2517 1217 2551 ist
1252 2517 1311 2551 ein
1347 2517 1611 2561 abeo-muthiyer

90 2575 236 2619 Scherz,
261 2577 311 2611 da
334 2576 386 2611 sie
410 2577 503 2611 nach
531 2576 594 2618 II,
619 2579 652 2620 1,
674 2579 791 2611 5—13
816 2575 907 2610 wohl
931 2576 1049 2618 weiss,
1074 2576 1158 2610 dass
1186 2575 1428 2611 Phronesium
1452 2586 1516 2610 vor
1540 2575 1609 2610 Di-

88 2635 219 2669 march
239 2636 355 2686 nichts
372 2637 506 2680 yeheim
527 2636 649 2670 halten
667 2636 816 2670 warde]
853 2635 949 2669 Nam
975 2633 1044 2669 tali
1068 2635 1273 2669 sententiae
1300 2646 1366 2669 nec
1391 2635 1472 2680 ipsa
1496 2635 1611 2669 verba

89 2693 116 2737 Ι,
147 2697 177 2735 1,
203 2697 247 2728 93
264 2706 341 2738 sqq.
368 2694 497 2729 favent
522 2696 560 2729 et
585 2696 711 2740 aperte
738 2694 961 2741 refragatur,
994 2694 1091 2738 quod
1118 2693 1338 2738 Astaphium
1365 2694 1522 2728 abeunte
1548 2693 1609 2727 Di-

90 2751 242 2787 niarcho
267 2764 305 2787 se
331 2764 440 2797 aegre
467 2753 630 2787 animum
657 2753 895 2797 continuisse,
932 2764 1003 2787 non
1035 2752 1172 2787 lascive
1197 2752 1357 2787 iocatam
1383 2763 1461 2787 esse
1487 2752 1611 2796 prodit

90 2811 135 2853 ΙΙ,
165 2816 253 2855 1‚⁷1:
281 2812 453 2853 I-Iahahe,
478 2812 678 2855 requievi
702 2812 790 2855 quia
815 2812 912 2845 intro
937 2812 1030 2845 abiit
1054 2812 1176 2845 odium
1201 2822 1325 2845 meum.
