1688 2978
724 163 776 168 .-
840 139 896 179 53
959 161 1012 166 -

111 246 392 288 Phronesium
425 243 578 297 repetit
607 243 662 298 ΙΙ,
688 245 726 297 4,
745 244 791 285 4:

323 336 434 387 Quid
464 337 553 378 tam
584 333 808 379 infacetu's
838 335 1001 378 Lemno
1035 334 1263 377 adveniens
1297 334 1372 391 qui
1400 337 1498 376 tuae

320 407 421 449 Non
451 407 525 447 des
558 407 736 461 amicae,
766 406 1016 460 Diniarche‚
1049 406 1243 447 savium?

110 502 183 544 ubi
227 501 337 555 quod
371 500 530 542 Lemno
575 500 847 554 potissimum
891 499 1146 541 adveniebat
1182 514 1271 540 non
1303 499 1476 540 maioris
1509 504 1623 541 certe

110 571 318 613 momenti
350 573 443 613 erat
474 571 526 613 ad
559 570 725 613 savium
757 570 919 613 amicae
951 569 1237 611 deferendum.

230 642 313 683 Illa
344 644 486 683 autem
518 641 736 682 Diniarchi
768 641 900 682 verba
931 641 1004 695 qui
1035 643 1234 681 secuntur
1264 654 1432 685 versus:

259 734 341 777 Sed
372 736 450 777 hec
482 736 634 790 quibus
667 735 818 777 melius
852 737 917 776 est
949 734 1210 789 Astaphium
1243 737 1307 775 est
1339 734 1537 776 ancillula

257 805 363 847 Cum
396 819 499 861 ergo
531 821 696 860 quoque
729 805 859 847 etiam
891 805 997 847 mihi
1028 805 1111 846 fuit
1141 804 1435 846 commertium

109 900 154 940 in
198 900 258 941 eis
302 915 443 953 quam
485 915 597 954 crya
638 914 792 953 quoque
834 901 956 941 etiam
1006 914 1149 941 veram
1194 914 1285 940 esse
1331 899 1619 963 coniecturam

109 969 307 1024 Seyfferti
339 970 491 1012 Philol.
523 973 551 1012 t.
582 970 703 1011 XXV
734 986 773 1024 p.
804 971 890 1011 465
922 985 1009 1011 non
1042 973 1105 1011 est
1137 970 1249 1023 quod
1282 972 1380 1023 post
1412 970 1617 1011 Kiesslin-

109 1040 226 1095 gium
257 1041 284 1082 l.
317 1056 347 1082 s.
381 1056 412 1083 s.
442 1056 481 1095 p.
514 1042 598 1082 622
631 1055 844 1094 moneam3
882 1040 992 1081 idem
1025 1055 1124 1081 vero
1158 1038 1388 1093 Seyffertus
1421 1040 1464 1080 in
1499 1039 1617 1082 Stud.

108 1110 246 1152 Plaut.
277 1126 317 1165 p.
349 1112 405 1152 26
426 1126 486 1165 sq.
519 1109 589 1165 (cf.
621 1110 774 1152 Philol.
804 1114 834 1152 t.
865 1110 1008 1152 XXIX
1044 1126 1083 1164 p.
1114 1111 1219 1165 412)
1258 1110 1505 1151 doctissima
1537 1110 1617 1151 dis-

107 1180 328 1234 putatione
361 1181 499 1222 effecit
531 1195 698 1222 versum
732 1182 784 1222 76
817 1181 990 1236 nequire
1022 1196 1117 1222 cum
1151 1180 1392 1222 Camerario
1425 1180 1487 1221 ita
1518 1195 1615 1221 con-

108 1250 251 1292 stitui:
1311 1290 1314 1294 .

255 1319 337 1361 Sed
369 1321 472 1362 haec
505 1322 600 1375 quis
632 1321 784 1362 mulier
815 1321 906 1362 est?
938 1320 1197 1375 Astaphium
1230 1319 1496 1374 ancillulast‚

105 1430 342 1469 pronomen
373 1414 756 1457 demonstrativum
787 1429 880 1456 cum
913 1414 1113 1469 subiungi
1138 1429 1225 1456 non
1251 1414 1453 1468 anteponi
1479 1414 1615 1456 soleat

106 1485 429 1540 interrogativo.
490 1484 572 1526 Sed
603 1484 715 1538 quod
747 1483 837 1538 ipse
869 1484 1022 1526 suasit:

255 1579 336 1621 Sed
368 1579 472 1620 haec
504 1579 674 1632 quidem
707 1578 795 1619 eius
830 1579 895 1619 est
926 1578 1184 1633 Astaphium
1217 1580 1428 1634 ancillula,

104 1673 174 1714 vix
212 1673 305 1714 loco
339 1673 537 1715 convenit
568 1673 864 1728 quaestionem
895 1673 1105 1715 removeri
1138 1688 1221 1728 qua
1252 1673 1508 1716 Diniarchus
1540 1675 1611 1716 ab·

103 1758 305 1797 rumpens
346 1744 591 1784 incohatam
631 1744 923 1785 narrationem
965 1744 1018 1784 ad
1057 1744 1358 1797 procedentem
1390 1745 1611 1785 mulierem

104 1813 294 1855 animum
326 1813 483 1869 dirigit.
537 1797 663 1856 Eius
676 1828 774 1856 vero
806 1814 873 1855 vel
903 1813 991 1855 tale
1022 1812 1135 1868 quid,
1166 1827 1247 1867 quo
1281 1813 1423 1855 cuius
1456 1797 1612 1856 ancill-a

103 1883 364 1937 Astaphium
408 1885 464 1925 sit
505 1884 728 1938 indicetur,
771 1887 997 1938 propterea
1039 1898 1124 1925 non
1167 1884 1410 1938 requiritur
1453 1887 1500 1925 ut
1537 1885 1611 1926 ille

103 1953 259 2007 voluit⁷
297 1954 397 2008 quia
436 1956 479 1995 et
515 1969 564 1996 ex
603 1955 663 1996 eis
701 1969 806 2009 quae
839 1956 1037 1996 secuntur
1068 1954 1218 1995 statim
1248 1954 1330 1995 hoc
1362 1958 1538 2008 apparet
1569 1958 1611 1996 et

102 2022 200 2063 inde
244 2024 389 2078 colligi
433 2026 618 2078 poterat,
667 2025 778 2077 quod
827 2039 877 2065 ex
920 2023 1143 2064 Phronesii
1192 2023 1458 2065 habitatione
1508 2028 1611 2065 nota

103 2094 415 2146 spectatoribus
447 2094 492 2135 in
524 2109 719 2136 scaenam
750 2095 909 2149 prodit.
956 2093 1046 2135 Iam
1072 2093 1139 2135 hec
1157 2094 1348 2148 quri(bu)s
1379 2108 1475 2135 cum
1506 2094 1609 2136 ferri

101 2176 189 2203 non
213 2162 350 2216 possit
376 2164 523 2206 eadem
549 2164 713 2207 ratione
738 2165 880 2218 ecquis
904 2163 1190 2218 restituemus,
1217 2178 1300 2218 qua
1325 2163 1437 2204 idem
1457 2164 1610 2206 vitium

102 2234 145 2273 et
175 2247 210 2273 v.
242 2232 303 2287 II,
338 2235 374 2287 7,
405 2236 461 2276 29
502 2239 544 2277 et
582 2237 791 2277 sexcentis
822 2223 924 2277 locis
958 2237 1118 2276 sartum
1150 2237 1231 2289 est,
1274 2249 1352 2289 pro
1384 2235 1536 2287 melzus
1555 2236 1612 2288 eft

101 2304 243 2344 autem
280 2318 367 2346 non
403 2305 524 2347 video
557 2305 710 2348 melius
742 2305 841 2361 quid
874 2306 1181 2348 substituamus
1197 2302 1256 2362 ⁹3).
1280 2320 1409 2360 quam
1440 2303 1609 2363 (eequis)

99 2477 176 2511 und
209 2477 248 2512 V.
276 2478 356 2519 741⁶.
384 2478 522 2513 belveist
546 2490 580 2514 es
605 2481 785 2515 deutlich.'
839 2481 916 2523 Quo
948 2480 1067 2514 minus
1093 2481 1202 2515 antea
1227 2480 1424 2515 dicendum
1451 2461 1486 2515 e'i
1512 2484 1607 2517 erat:

102 2535 165 2570 ‘V.
193 2536 276 2578 ΗΓ.
309 2536 488 2570 enthalten
521 2539 679 2581 ycrade
703 2539 780 2574 das
806 2539 1060 2583 Geyentheil
1089 2550 1159 2573 von
1189 2540 1265 2573 dem
1295 2551 1370 2574 was
1400 2551 1486 2574 man
1517 2542 1610 2575 nach

99 2594 176 2627 (lem
203 2594 570 2638 Vorausqeyanqcnen
595 2601 769 2631 erwarten
793 2597 947 2631 παιδεία)
1002 2597 1097 2630 Nam
1122 2598 1261 2632 Lemno
1285 2598 1392 2632 illum
1418 2599 1608 2633 advenisse

99 2651 162 2696 qui
190 2651 326 2697 ‘ipsum
352 2654 590 2689 contrarium’
619 2667 697 2691 esse
723 2655 840 2701 possit
864 2655 1146 2691 meditationum
1170 2656 1325 2691 istarum
1344 2657 1405 2692 vix
1425 2658 1606 2702 expedias.

193 2713 251 2755 98)
278 2711 379 2745 Idem
398 2713 521 2748 nescio
547 2725 593 2748 an
619 2715 687 2759 111,
717 2720 746 2759 1,
773 2718 815 2748 18
841 2715 1090 2759 reponendum
1117 2715 1173 2748 sit.
1225 2715 1312 2749 Pro:

338 2783 452 2818 Tatec
477 2783 539 2828 qui
565 2784 594 2819 si
619 2785 723 2819 nulla
748 2786 804 2820 ost
827 2785 857 2820 85
882 2785 961 2829 quis
989 2785 1108 2830 aperit
1134 2786 1204 2821 hoc
1231 2786 1366 2821 ostium

99 2850 314 2897 Spengelius
340 2853 498 2898 scripsit:
538 2855 589 2889 At
614 2856 731 2899 ecquis
755 2854 897 2890 intust?
923 2856 1041 2899 ecquis
1066 2857 1184 2899 aperit
1209 2856 1366 2891 ostimn?
1409 2857 1607 2892 Muellerus
