1688 2978
713 109 1000 149 —27-

101 216 149 255 ut
180 214 358 256 Plautus
395 214 478 255 hoc
515 213 567 254 ad
605 228 672 254 res
710 213 925 256 Romanas
963 213 1235 257 transtulerit
1272 213 1464 254 versibus
1502 213 1541 266 I,
1574 215 1612 266 2,

105 285 160 327 39
181 299 270 339 sqq.
301 284 406 339 ipsis
439 298 605 338 quoque
638 283 979 327 obscurioribus:

159 353 265 396 Ast.
314 352 383 395 An
414 354 461 394 tu
494 355 536 394 te
567 352 748 398 Veneris
778 354 996 407 publicum
1029 327 1104 396 aut
1135 354 1308 396 Amoris
1341 353 1427 395 alia
1458 354 1553 409 lege

271 423 483 465 -Habere
514 438 661 477 posse
657 424 884 478 postulas,
915 425 1018 479 quin
1050 425 1215 467 otiosus
1246 422 1360 465 fias?

159 494 230 536 Di.
309 493 390 536 Illa
428 493 535 535 haiit
566 507 645 549 ego
684 493 838 536 habuit
874 495 1111 549 publicum:
1163 495 1365 549 pervorse
1405 493 1611 548 interpre-

945 565 1071 619 taris3

313 633 425 676 Nam
458 634 683 676 advorsum
724 634 863 690 legem
901 650 968 677 me
1001 636 1055 678 ob
1087 650 1224 678 meam
1257 635 1510 689 scripturam
1543 648 1611 688 pe-

936 692 1094 748 cudem
1127 706 1251 760 cepit.

160 774 265 816 Ast.
311 774 508 830 Plerique
540 775 651 817 idem
683 776 794 831 quod
826 779 872 818 tli
904 777 1011 818 facis
1042 776 1207 818 faciunt
1237 777 1298 818 rei
1313 774 1363 831 5²)
1397 776 1507 817 male
1540 789 1611 831 ge-

945 847 1097 888 rentis:

310 914 395 957 Ubi
428 917 515 957 non
546 918 612 958 est
643 916 897 971 scripturam
934 916 1048 958 unde
1079 917 1200 971 dent,
1238 917 1437 959 incusant
1474 915 1612 969 publi-

945 989 1086 1030 canos.

218 1057 297 1098 His
330 1057 556 1112 disputatis
590 1072 684 1099 cum
717 1057 821 1099 satis
854 1057 1090 1111 probabilis
1117 1057 1310 1099 videatur
1341 1071 1468 1112 quam
1501 1056 1612 1097 inter

102 1128 407 1169 Truculentum
452 1126 781 1181 Sicyoniumque
826 1126 1054 1168 statuimus
1102 1127 1332 1181 rationem,
1376 1126 1612 1181 periculum

102 1196 343 1239 faciendum
376 1198 479 1250 erat,
509 1210 611 1236 num
643 1210 693 1237 cx
725 1196 899 1238 incertis
931 1195 1153 1237 Menandri
1185 1196 1436 1251 fragmentis
1470 1198 1612 1236 essent

102 1282 208 1321 quae
241 1282 289 1308 ex
321 1266 567 1308 Truculenti
600 1267 917 1321 comparatione
950 1265 1148 1321 Sicyonio
1187 1267 1393 1309 vindicari
1423 1268 1612 1320 possent.

105 1337 168 1379 Ac
209 1336 429 1379 fatendum
475 1338 538 1379 est
581 1337 692 1392 quod
736 1339 896 1379 certam
939 1337 1133 1380 veritatis
1179 1338 1363 1393 speciem
1406 1337 1613 1392 praebeat

103 1411 270 1450 exstare
301 1422 387 1450 non
417 1407 563 1449 videri.
625 1407 890 1463 Quamquam
921 1408 1073 1463 fragm.
1106 1401 1366 1451 OXXX111:'

249 1502 335 1543 Νῡν
367 1500 405 1542 δ’
430 1500 522 1552 ἕρπ’
547 1500 618 1543 ἀπ’
644 1501 773 1543 οἴκων
804 1504 966 1544 τῶνδε·
993 1504 1070 1554 τὴν
1101 1506 1279 1552 γυναῖκα
1310 1501 1391 1553 γάρ

248 1572 324 1622 τὴν
356 1571 542 1624 εώφρον’
562 1571 613 1614 οὐ
639 1574 703 1614 δεῖ
733 1573 806 1614 τὰς
831 1572 975 1624 τρίχα(
1006 1573 1159 1615 ξανθὰ(
1192 1575 1330 1614 ποιεῖν

100 1663 247 1718 negari
277 1679 363 1706 non
388 1667 532 1719 potest
557 1665 739 1719 quodam
766 1665 891 1707 modo
918 1666 1129 1721 attingere
1149 1680 1295 1707 versus
1315 1665 1369 1719 Π,
1390 1667 1427 1719 2,
1448 1665 1500 1706 31
1520 1679 1609 1719 sqq.

102 1733 237 1776 multo
270 1737 414 1777 tamen
444 1735 783 1777 vehementiores
815 1736 1195 1791 tumentioresque:

407 1828 539 1870 Abire
571 1828 670 1870 hinc
700 1828 749 1870 ni
775 1844 978 1884 properas
1011 1829 1167 1885 grands
1193 1829 1329 1885 gradu

160 1897 253 1939 Iam
290 1897 429 1939 hercle
467 1912 545 1953 ego
584 1899 692 1940 istos
737 1899 859 1941 fictos
898 1900 1157 1953 compositos·
1193 1898 1352 1953 crispos
1391 1899 1609 1940 cincinnos

943 1972 1041 2010 tuos

161 2027 462 2093 Unguentatos
493 2041 626 2094 iisque
659 2054 680 2081 e
712 2040 882 2087 cerebro
915 2039 1108 2081 evellam.

105 2130 297 2185 Itemque
342 2131 395 2172 ad
437 2132 609 2175 fabulae
653 2136 836 2188 partem,
880 2149 963 2189 qua
999 2133 1279 2175 Phronesium
1317 2133 1467 2174 introit
1504 2132 1611 2173 satis

103 2201 222 2242 lauta
252 2203 426 2255 totaque
458 2203 614 2245 florens
646 2219 695 2246 ac
724 2203 860 2246 nitide
889 2204 1030 2246 nitens
1056 2203 1268 2259 pertinere
1296 2203 1434 2256 possit
1459 2204 1612 2258 fragm.

103 2270 289 2314 CCXLI:

359 2342 599 2395 Λελουμένη
632 2344 711 2396 γὰρ
743 2346 768 2397 ἡ
801 2345 947 2397 ἑταῑρα
960 2343 1013 2401 ⁵3)
1046 2345 1112 2387 καὶ
1143 2345 1347 2396 διαφανέε

361 2413 613 2465 χιτωνάριον
645 2415 809 2466 ἔχουςα.

198 2530 257 2574 52)
283 2528 336 2563 cf.
363 2528 607 2574 Kiesslingius
632 2530 655 2565 l.
683 2543 709 2565 s.
737 2543 763 2566 s.
789 2544 824 2576 p.
852 2535 929 2566 624.

197 2588 255 2631 53)
286 2589 309 2631 ἡ
341 2588 482 2631 ἑταῖροι,
520 2587 589 2623 hoc
620 2590 774 2624 accentu
806 2590 949 2624 exstans
980 2589 1079 2634 apud
1103 2588 1354 2634 Eustathium‚
1395 2601 1477 2624 cum
1503 2588 1611 2624 metri

103 2645 225 2690 gratia
255 2646 342 2681 ferri
374 2657 446 2681 non
471 2647 604 2692 possit,
637 2648 824 2683 Bentleius
850 2647 1034 2683 Meinekio
1066 2647 1240 2692 probavit
1272 2647 1505 2683 scribendum
1537 2659 1614 2683 esse

101 2707 124 2748 ή
153 2705 266 2748 ’τέρας
305 2705 367 2739 sed
399 2704 520 2740 nescio
552 2717 599 2739 an
630 2717 700 2740 vox
730 2706 797 2740 illa
822 2705 977 2740 subiecti
1002 2705 1174 2751 explendi
1200 2717 1309 2741 causa
1340 2706 1528 2750 adscripta
1552 2717 1610 2741 ex-

102 2762 239 2808 pulerit
263 2763 339 2799 sive
365 2765 518 2800 verbum
544 2764 730 2808 quoddam
756 2764 832 2800 sive
857 2758 1085 2810 adverbium,
1110 2766 1212 2801 velut
1237 2765 1408 2810 φαίνεται
1434 2764 1469 2809 (i.
1492 2776 1520 2800 e.
1549 2776 1610 2810 ap-

107 2823 226 2867 paret)
252 2822 311 2857 vel
337 2823 549 2867 (λελουμένη
575 2823 659 2868 γάρ)
684 2834 741 2858 τοι
766 2825 884 2858 καλῶς
911 2823 967 2858 vel
991 2823 1067 2858 tale
1093 2823 1192 2868 quid.
