1688 2978
703 130 988 172 —25-

210 234 270 276 At
306 235 411 276 illud
437 234 645 289 quadrare
675 249 760 276 non
791 236 970 290 videtur,
1002 234 1114 289 quod
1145 232 1383 287 parasitum
1415 244 1502 271 non
1534 230 1601 270 de-

92 304 224 346 fuisse
261 305 387 346 militi
427 319 523 346 cum
554 304 769 347 Meinekio
808 308 851 347 et
880 305 1092 346 Prellerus
1130 304 1174 345 in
1213 301 1367 355 Paulyi
1397 299 1603 354 Encyclo-

91 374 245 428 paedia
285 390 323 417 vu
356 374 589 416 Menander
631 378 673 417 et
700 375 947 417 vLorenzius
990 375 1035 416 in
1066 374 1257 428 Append.
1290 372 1342 413 ad
1373 371 1462 412 Mil.
1494 370 1603 424 glor.

91 459 131 499 p.
163 444 249 485 250
286 458 336 486 ex
373 444 560 487 Pollucis
597 446 738 487 verbis
775 445 850 500 IV,
885 446 966 487 119
1004 460 1043 499 p.
1074 445 1161 485 420
1204 443 1486 496 collegerunt,
1529 439 1602 480 ubi

92 514 305 568 parasitos
342 515 467 556 docet
502 516 627 570 nigra
664 517 732 558 vel
769 518 888 571 pulla
919 519 1036 557 veste
1074 515 1119 555 in
1157 508 1355 555 scaenam
1393 510 1602 564 prodiisse

92 585 205 636 πλὴν
231 585 278 626 ἐν
298 585 508 640 (ικυωνίῳ
535 588 659 641 λευκῇ
687 585 751 628 ὅτι
778 588 918 638 μέλλει
944 588 1095 637 γαμεῖν
1121 584 1145 625 ὁ
1172 582 1407 634 παράειτοε.
1440 579 1601 621 Verum

92 669 229 709 neque
266 655 442 711 infringi
479 656 574 698 inde
612 657 898 699 coniecturam
929 658 1123 698 nostram
1154 668 1289 709 neque
1322 667 1371 694 eo
1403 652 1507 706 puto
1540 664 1601 690 re-

91 724 340 780 fugiendum
372 716 476 781 esse,
506 729 554 768 ut
586 727 690 770 adeo
721 742 807 769 non
834 726 1146 769 contaminasse
1171 724 1373 765 Plautum
1400 721 1603 773 dicamus,

91 798 141 836 ut
182 796 412 837 resecuerit
453 797 595 850 potius
633 797 910 851 ‘parasitum'
944 812 993 838 ex
1037 809 1210 849 corpore
1255 793 1514 835 Menandreo
1528 790 1603 845 5⁰):

91 968 129 1002 ni
163 968 273 1004 fallor
306 969 368 1003 lux
402 969 557 1015 affulget
590 970 794 1005 Trinummi
828 983 860 1005 v.
889 974 972 1005 647:
1017 973 1057 1003 tu
1090 968 1208 1011 fecisti
1240 970 1281 1000 ut
1315 966 1479 1009 difficilis
1510 965 1602 1007 soret

95 1026 236 1072 Culpa
260 1028 444 1062 maxime
468 1029 501 1063 e't
524 1029 665 1064 desidia
685 1031 824 1074 tuisque
841 1029 963 1064 stultis
981 1028 1155 1069 mo'ribu83
1181 1025 1245 1060 ubi
1265 1035 1408 1070 semper
1427 1034 1485 1058 me
1505 1023 1601 1057 male

92 1085 223 1120 habuit
253 1087 352 1130 quod
384 1099 466 1122 cum
492 1088 626 1123 Bothio
652 1090 689 1123 et
713 1089 935 1124 Ritschelius
960 1089 998 1123 et
1023 1086 1166 1122 Brixius
1199 1086 1353 1120 maxime
1380 1083 1490 1128 (quod
1516 1082 1601 1117 libri

91 1143 230 1179 habent
259 1155 341 1179 cum
373 1145 419 1190 A)
450 1145 488 1180 in
520 1147 680 1181 maccima
710 1148 909 1182 mutarunt.
960 1146 1056 1180 Nam
1087 1145 1348 1189 praeterquam
1381 1141 1479 1185 quod
1513 1140 1601 1174 satis

90 1202 307 1249 languidum
334 1204 528 1240 videbatur
553 1206 661 1251 culpa
685 1207 864 1249 maa-ima,
899 1205 975 1241 eius
999 1204 1114 1250 ipsius
1139 1203 1267 1248 culpae
1294 1200 1600 1246 designationem,

91 1273 185 1305 quae
210 1263 411 1297 Lesbonico
440 1264 641 1298 ‘maxima’
669 1266 764 1307 erat,
791 1264 1054 1298 desiderabam.
1104 1261 1208 1296 Nihil
1233 1260 1346 1304 igitur
1371 1259 1601 1301 mutandum,

93 1319 156 1355 sed
182 1332 223 1356 ex
248 1320 395 1356 illorum
420 1322 584 1358 locorum
609 1323 751 1358 ratione
778 1322 1035 1368 explicandum
1061 1320 1140 1357 erit.

185 1381 243 1422 50)
273 1380 327 1414 De
353 1381 515 1415 Alexidis
539 1382 712 1425 parasitis
745 1383 786 1416 cf.
814 1382 1020 1416 Meinekius
1046 1381 1191 1425 Fragm.
1219 1379 1318 1414 Com.
1351 1381 1377 1413 t.
1406 1379 1420 1411 I
1453 1391 1486 1422 p.
1515 1382 1600 1420 4023

92 1438 143 1472 111
169 1451 204 1484 p.
226 1442 293 1473 477
307 1450 360 1482 sq.
392 1438 647 1485 Bernhardyus
672 1439 766 1475 Hist.
792 1439 865 1475 litt.
891 1441 916 1475 t.
942 1440 986 1484 II,
1013 1443 1032 1473 2
1060 1451 1095 1484 p.
1117 1442 1184 1473 685
1211 1437 1265 1472 ed.
1286 1437 1348 1472 ΙΙΙ.
1393 1437 1487 1472 Casu
1513 1447 1601 1480 quo-

91 1497 176 1531 dam
201 1496 326 1531 illatus
352 1499 408 1532 est
431 1498 614 1542 parasitus
639 1499 677 1533 in
703 1499 965 1534 Truculentum
990 1499 1051 1542 III,
1078 1503 1110 1542 2,
1137 1502 1156 1532 9
1177 1510 1272 1542 sqq:

302 1554 427 1590 Novos
453 1555 570 1590 omnis
595 1566 712 1591 mores
738 1557 873 1600 habeo,
899 1557 1042 1591 veteres
1069 1554 1224 1600 perdidi.

222 1625 254 1648 ιο
302 1614 372 1648 -Vel
398 1615 523 1649 amare
547 1626 697 1659 possum
723 1615 781 1649 vel
806 1615 881 1649 iam
907 1615 1067 1649 scortum
1093 1613 1235 1648 ducere.

162 1672 251 1707 Ast.
301 1671 441 1717 Lepide
467 1675 650 1708 mecastor
675 1673 839 1709 nuntias:
866 1674 928 1708 sed
954 1674 1013 1724 dic
1039 1672 1129 1707 mihi

231 1734 254 1774 †
302 1731 450 1767 Habent
468 1733 678 1776 parasitum
703 1736 735 1767 et
759 1732 913 1767 fortasse
940 1732 1060 1767 dicere

161 1789 249 1824 Ast.
300 1789 518 1825 Intellexisti
542 1790 663 1836 le'pide
689 1790 778 1835 quid
804 1802 872 1836 ego
898 1791 1067 1825 dicerem.

163 1850 242 1884 Str.
297 1849 395 1884 Heus
419 1851 476 1893 tii,
502 1849 577 1884 iam
602 1853 798 1895 postquam
822 1850 860 1885 in
885 1850 1013 1885 urbem
1039 1850 1166 1885 crebro
1192 1851 1355 1885 commeo

226 1926 238 1932 -
302 1908 417 1942 Dic-ax
442 1920 521 1942 sum
547 1909 682 1943 factus:
709 1909 783 1943 iam
808 1921 887 1944 sum
914 1909 1080 1943 caulat6r
1104 1909 1252 1953 probus.

91 1966 207 2001 Versu
233 1970 275 2001 12
311 1966 420 2001 nullis
454 1966 633 2012 machinis
669 1978 712 2002 ex
749 1966 950 2012 ‘parasito’
987 1967 1108 2002 iocum
1143 1965 1227 2001 elici
1260 1965 1333 2000 iam
1367 1966 1600 2000 consentiunt

91 2024 219 2059 critici.
270 2025 341 2059 Sed
371 2036 489 2068 neque
521 2025 618 2068 quod
650 2025 855 2069 Geppertus
887 2024 1034 2069 scripsit
1064 2026 1102 2059 et
1132 2023 1327 2058 defendere
1359 2034 1468 2057 ausus
1495 2025 1550 2057 cst
1575 2024 1597 2057 1.

91 2095 117 2118 s.
144 2095 171 2119 s,
197 2095 231 2127 p.
260 2086 320 2118 76:

301 2141 434 2176 Haben
460 2162 502 2166 —
554 2141 636 2176 Str.
657 2142 867 2186 peniculum
892 2143 926 2176 te‘
948 2142 1102 2177 fortasse
1129 2142 1250 2176 dicere

93 2199 179 2235 ferri
205 2200 340 2245 potest,
365 2210 484 2243 neque
510 2199 607 2243 quod
634 2199 832 2245 Seyffertus
857 2199 973 2235 voluit
998 2199 1130 2235 Philol.
1157 2202 1182 2234 t.
1209 2199 1343 2234 XXVII
1369 2211 1403 2244 p.
1432 2203 1516 2234 465:

301 2258 431 2293 Haben
455 2259 497 2293 tu
524 2279 566 2283 —
618 2259 699 2295 Str.
733 2260 892 2303 pretium
918 2261 952 2294 τό
973 2259 992 2293 f
1026 2259 1059 2293 d.

90 2317 149 2351 vel
174 2316 270 2361 quod
295 2316 333 2350 in
359 2317 513 2352 eandem
538 2318 758 2354 sententiam
786 2317 1018 2364 Spengelius:

300 2376 431 2410 Haben
449 2380 626 2420 paratum
676 2377 758 2412 Str.
793 2388 852 2412 aes
877 2379 912 2412 te'
934 2377 957 2411 f.
984 2377 1018 2411 d.

91 2434 186 2468 Nam
206 2433 494 2478 Geppertianum
519 2434 612 2469 illud
631 2447 863 2480 nequaquam
886 2434 1062 2470 ‘dicebat’
1084 2434 1315 2478 Astaphium,
1341 2434 1378 2468 in
1397 2434 1455 2468 his
1474 2436 1599 2469 autem

90 2493 193 2528 nulla
222 2492 318 2528 inest
350 2492 497 2538 ‘lepida
527 2494 729 2529 dicacitas?
792 2493 1024 2539 Requin'mus
1058 2492 1171 2538 igitur
1202 2504 1313 2536 quam
1344 2492 1411 2527 illa
1441 2492 1601 2528 intendit

90 2552 267 2596 pecuniae
293 2552 585 2597 designationem
610 2553 741 2596 talem,
773 2564 867 2597 quae
898 2553 1017 2587 lusum
1042 2552 1236 2586 verborum
1264 2551 1373 2585 simul
1399 2552 1598 2587 contineat.

77 2610 195 2645 -Unde
220 2610 258 2645 in
283 2613 443 2645 mentem
469 2609 559 2644 mihi
583 2610 686 2645 venit
711 2620 758 2644 an
782 2607 876 2645 sorte
903 2609 1088 2654 scripserit
1111 2611 1222 2654 poeta
1248 2610 1396 2652 (omisso
1423 2612 1463 2645 ut
1489 2611 1598 2647 Poen.

91 2668 134 2712 V,
161 2673 193 2711 2,
219 2672 264 2702 44
295 2672 328 2703 te
352 2668 566 2713 pronomine
592 2680 667 2713 pro·
684 2673 715 2703 et
740 2669 787 2703 ab
813 2659 915 2704 Italis
941 2668 1169 2712 substituto):

301 2727 431 2761 Haben
459 2747 500 2751 —
552 2726 632 2761 Str.
664 2727 884 2770 παράεταειν
909 2727 1063 2762 fortasse
1088 2727 1231 2762 dicere?

90 2785 191 2820 Haec
218 2785 313 2820 enim
339 2796 409 2820 vox
435 2786 472 2820 et
496 2784 699 2828 ἐπιθυμίαν,
731 2786 848 2828 ὁρμήν
879 2784 1062 2829 significat
1091 2785 1150 2829 (cf.
1176 2785 1346 2821 Menand.
1372 2788 1499 2831 fragm.
1528 2787 1596 2822 inc.

92 2843 159 2878 XII
185 2855 214 2878 c.
242 2844 324 2879 adn.
351 2844 539 2888 Meinckii)
567 2846 604 2879 et
628 2842 851 2886 drachmam,
877 2854 989 2887 quam
1013 2844 1051 2878 in
1075 2845 1140 2879 lite
1167 2845 1416 2879 contrahenda
1441 2845 1598 2890 depone-
