1688 2978
689 54 974 96 „44-

71 159 246 200 dubium
280 158 380 212 erit,
411 158 514 212 quin
540 172 607 200 ore
637 159 773 200 lateat
802 158 843 199 iu
878 159 1014 200 orme?
1056 157 1209 200 Cetera
1234 157 1466 200 incertiora
1491 160 1593 200 sunt

71 244 148 270 nec
180 229 371 271 revocari
403 231 585 282 possunt
616 229 699 269 nisi
732 228 785 269 ad
817 229 1073 282 sententiae,
1103 244 1189 270 non
1219 229 1411 283 ipsorum
1443 229 1591 271 verbo-

71 314 166 340 rum
198 298 596 340 conformationem.
656 298 768 340 Nam
801 312 894 338 cum
928 300 970 339 et
1005 298 1218 340 obiectum
1256 298 1519 341 desideretur
1550 301 1593 340 et

72 369 250 409 verbum
294 369 404 409 unde
449 369 688 409 infinitivus
739 368 940 421 pendeat,
988 368 1082 408 meli
1129 368 1315 409 fortasse
1358 369 1456 410 urb?
1501 370 1593 422 erit,

71 439 234 491 quidem
276 439 385 480 vobis
429 441 571 480 autem
616 452 740 479 voces
783 437 924 478 nescio
969 451 1024 478 an
1066 451 1195 491 prave
1235 438 1454 492 suppletae
1494 439 1593 492 sint,

70 509 185 550 uobis
215 508 399 550 fortasse
433 523 483 549 ex
516 508 606 549 eius
639 508 750 562 quod
782 508 1036 562 requirimus
1069 507 1188 549 verbi
1221 506 1316 563 (anz
1347 508 1424 550 huc
1454 508 1591 564 dico?)

72 580 255 634 quadam
288 579 540 633 corruptela.
604 577 672 619 Sic
704 579 749 619 ni
780 578 909 619 fallor
941 578 1169 619 versiculo:

132 673 292 714 Urbem
325 674 398 713 ore
421 671 627 725 [quidem]
662 671 743 712 huc
775 671 870 713 dico
903 686 969 712 me
1003 672 1243 714 adlaturum
1277 671 1367 713 sine
1402 687 1521 714 mora
1535 671 1589 728 83)

68 777 111 818 id
152 791 288 832 genus
327 777 579 819 facetiarum
618 776 955 818 inficetiarumve
994 777 1278 831 restituimus,
1321 792 1403 831 quo
1448 777 1591 831 prolo—

70 847 189 900 gista
209 847 424 888 ‘Plautum
453 847 577 888 affert
603 846 771 900 lingua,
803 862 887 887 11011
914 846 1058 888 manu’
1089 848 1154 888 vel
1181 847 1297 888 ‘illuc
1323 848 1450 901 redit,
1482 848 1591 888 unde

69 917 196 971 abiit,
238 919 366 971 atque
398 932 484 958 uno
518 915 663 958 adstat
694 916 740 956 in
778 915 888 958 loco’
928 916 994 957 vel
1033 916 1224 971 ‘pontem
1257 917 1487 971 interrupit
1518 918 1592 971 qui

71 990 164 1027 erat
194 987 238 1027 in
270 987 441 1040 itinere,
472 1001 524 1027 ne
558 986 806 1027 adulescens
838 986 984 1027 redeat
1015 987 1060 1027 in
1092 986 1337 1028 comoedia?

188 1078 268 1120 Sed
313 1080 357 1119 in
400 1079 493 1119 loco
538 1079 763 1119 indicando
806 1093 889 1132 quo
930 1079 1150 1120 comoedia
1187 1082 1342 1133 agatur
1381 1095 1476 1121 cum
1514 1081 1592 1121 tali

69 1149 235 1192 ratione
267 1149 508 1204 prologista
539 1148 676 1202 ludat,
714 1148 758 1190 in
797 1148 987 1190 animum
1019 1148 1217 1191 inducere
1257 1149 1326 1191 vix
1365 1164 1591 1204 possumus

68 1221 111 1261 id
142 1220 271 1274 plane
303 1220 493 1274 neglegi,
534 1220 606 1260 ubi
640 1219 790 1260 deinde
822 1219 965 1260 missis
997 1220 1269 1261 ridiculariis'
1289 1220 1387 1274 ‘qua
1418 1222 1591 1261 ventum

71 1294 163 1332 erat
196 1289 353 1345 gratia’
387 1290 568 1344 suscipit
600 1292 901 1344 argumentum
934 1289 1080 1331 ordine
1113 1290 1407 1332 enarrandum,
1453 1290 1590 1340 Quare

68 1361 134 1402 vel
180 1361 261 1402 hoc
304 1360 477 1401 nomine
523 1360 749 1414 displicent
789 1374 896 1414 quae
939 1360 989 1400 de
1028 1374 1152 1401 versu
1189 1361 1241 1401 10
1274 1376 1299 1401 a
1330 1361 1591 1402 Dziatzkonc

68 1434 226 1472 temere
247 1432 488 1485 proscripto
511 1431 781 1472 coniecturae
801 1430 1048 1484 propositae
1070 1432 1169 1471 sunt
1195 1431 1311 1472 velut
1332 1429 1586 1472 Camerarii:

131 1524 327 1566 Athenae
360 1524 470 1566 istae
503 1524 656 1580 (istaec
687 1524 957 1566 Studemund.
983 1523 1126 1564 Herm.
1160 1526 1184 1565 t.
1216 1524 1248 1564 I
1266 1539 1310 1577 p.
1329 1523 1432 1579 303)
1466 1526 1589 1565 sunto

779 1593 842 1635 ita
876 1595 921 1634 ut
952 1593 1033 1635 hoc
1066 1596 1131 1634 est
1162 1594 1460 1648 proscaenium

69 1666 135 1706 vel
169 1664 402 1720 Spengelii:

130 1758 313 1800 Athenis
346 1757 451 1799 haec
484 1759 610 1799 sunto
643 1756 704 1799 ita
735 1759 784 1799 ut
815 1756 895 1801 1100
928 1759 994 1798 est
1025 1756 1321 1810 proscaenium

71 1853 136 1893 vel
169 1852 365 1893 Muelleri
398 1852 421 1893 l.
455 1866 486 1892 s.
510 1842 551 1892 s.
583 1866 620 1905 p.
648 1851 753 1892 510:

129 1946 326 1987 Athenae
346 1945 453 1986 haec
472 1945 573 1986 urbs
595 1945 695 1998 (hoc
715 1943 831 1999 astu)
859 1946 924 1985 est
943 1943 1005 1985 sta
1024 1947 1071 1985 ut
1091 1944 1172 1986 1100
1194 1947 1259 1986 est
1279 1945 1590 1998 proscaenium.

70 2039 185 2081 Nam
230 2038 432 2094 quoniam
471 2038 521 2079 de
559 2038 676 2079 urbis
722 2036 1130 2079 etranslocatione’
1175 2037 1318 2092 agitur
1361 2038 1432 2080 vix
1475 2039 1591 2080 casui

71 2109 377 2151 remittendum
404 2109 485 2151 erit
511 2108 662 2151 ‘trans'
688 2109 1018 2164 praepositionis
1044 2109 1273 2163 vestigium
1305 2109 1351 2151 in
1382 2109 1589 2151 librorum

71 2180 300 2234 scriptura:

131 2273 311 2315 Athenis
349 2275 518 2315 tracto
557 2273 619 2315 ita
650 2275 698 2314 ut
729 2263 822 2315 hoc'
841 2275 906 2314 est
943 2273 1204 2328 proscinium
1238 2272 1590 2330 (proschenium).

68 2367 134 2408 Ex
165 2367 245 2408 hac
276 2366 410 2421 igitur
441 2366 527 2408 tale
560 2366 660 2421 quid
693 2366 986 2408 extricandum
1019 2367 1116 2417 erit,
1148 2367 1284 2408 velut:

163 2531 222 2573 83)
249 2529 302 2564 De
335 2529 553 2573 corruptelis
580 2529 624 2564 cf.
651 2530 701 2573 11,
728 2534 765 2573 2,
794 2533 833 2564 11
869 2541 935 2574 pro
968 2529 1141 2564 maledico
1167 2529 1226 2574 (A)
1254 2533 1319 2564 aut
1344 2530 1477 2564 medico
1510 2528 1589 2564 sim.

69 2588 121 2622 De
148 2587 341 2622 vocabulis
367 2590 490 2622 autem
516 2589 612 2623 male
641 2589 821 2633 suppletis
848 2590 886 2622 et
911 2588 1065 2622 adiectis
1089 2588 1296 2632 (particulis
1323 2587 1481 2622 maxime
1507 2599 1589 2632 pro-

71 2645 368 2690 nominibusque)
404 2646 522 2680 multa
554 2646 724 2690 exempla
762 2646 993 2691 collegerunt
1031 2646 1159 2680 critici.
1210 2647 1262 2681 Ac
1299 2647 1357 2681 tot
1393 2647 1591 2691 tantasque

69 2703 294 2739 mutationes
320 2704 390 2739 hoc
415 2704 497 2739 loco
522 2715 588 2739 nos
614 2704 819 2739 instituisse
840 2706 1033 2739 excusatur
1060 2706 1096 2740 et
1121 2705 1280 2740 traditae
1307 2704 1510 2750 scripturae
1536 2704 1589 2739 in-

70 2763 173 2807 eptia
199 2764 237 2798 et
262 2762 339 2797 eius
366 2774 476 2807 quam
502 2762 728 2797 restituimus
756 2762 960 2797 sententiae
987 2763 1261 2798 commoditate.
