1688 2978
689 88 978 128 -18—

221 184 425 240 Cogitato
458 192 553 230 miis
585 191 769 244 pusillus
802 192 930 245 quam
963 191 1021 232 sit
1053 191 1223 245 sapiens
1255 190 1407 242 bestia,

224 255 427 298 Aetatem
459 259 531 313 qui
563 259 639 300 um'
668 260 796 301 cubili
825 263 1045 315 nunquam
1078 260 1267 302 comittit
1297 256 1492 314 suam³⁸)‚

73 348 182 389 nihil
216 363 440 394 commune
473 355 538 394 est
570 354 675 395 locis
707 353 790 395 nisi
821 379 878 383 —-
910 353 1113 395 ridiculus
1145 369 1251 396 mus.

191 419 385 477 Denique
419 423 530 478 quod
559 423 815 466 Schmitzius
849 424 901 465 ad
932 426 1107 466 lacunas
1140 424 1388 465 Truculenti
1421 424 1590 479 explen-

74 490 148 531 das
190 506 276 534 non
317 494 408 535 sine
449 494 591 536 fructu
634 495 818 550 aliquem
850 495 1028 537 Thaidis
1068 494 1324 550 fragmentis
1366 494 1427 535 uti
1465 509 1590 549 posse

72 561 220 616 voluit,
252 566 424 616 praeter
455 564 535 605 hoc
566 565 838 619 proverbium
872 569 915 607 et
945 567 1085 607 locum
1112 579 1237 620 quem
1263 579 1394 618 supra
1420 579 1469 605 ex
1496 579 1590 619 pro-

73 631 172 685 logo
215 633 390 675 exhibui
431 634 538 676 nihil
579 635 772 677 relictum
815 639 881 677 est
920 650 971 677 ex
1008 635 1286 677 celeberrima
1323 634 1470 675 fabula
1508 634 1590 675 nisi

72 703 348 754 πτωχότερον
373 704 543 755 κίγκλου
570 704 748 759 dictum,
780 707 987 757 μέταυλος
1014 719 1106 759 voit,
1138 706 1353 758 postremo
1380 704 1591 745 sententia

72 773 285 825 generalis
319 774 450 815 etiam
470 774 667 828 Euripidi
700 776 925 817 attributa:
958 776 1199 827 φθείρουειν
1229 776 1309 826 ἤθη
1342 774 1482 825 χρήεθ’
1502 774 1589 825 ὁμι-

72 843 155 884 λίαι
188 843 318 885 κακαί.

189 914 280 954 Iam
309 929 407 956 vero
440 916 484 956 in
517 916 759 971 indagando
792 930 945 970 graeco
978 917 1172 969 exemplo
1205 931 1353 957 ansam
1385 915 1588 969 praebere

72 986 245 1038 poterat
288 985 402 1039 quod
448 985 636 1028 eiusdem
682 987 868 1029 nominis
914 986 1041 1028 militi
1057 984 1108 1043 3⁹)
1153 986 1265 1041 apud
1310 985 1589 1028 Menandrum

70 1136 142 1176 (ἐπὶ
168 1139 246 1169 τῶν
273 1137 365 1170 κατὰ
392 1138 520 1180 μικρὸν
547 1139 809 1181 ἀπορρεόντων
835 1140 892 1173 καὶ
912 1138 1229 1181 ὑπεκχωρούντων
1248 1140 1316 1171 τοῦ
1337 1136 1449 1181 βίου);
1475 1136 1586 1172 Mant.

74 1193 248 1229 Proverb.
276 1195 318 1238 ll,
346 1198 390 1229 25
417 1196 572 1239 (εἴρηται
598 1197 638 1230 δὲ
664 1197 721 1231 ἐπὶ
746 1200 822 1231 τῶν
848 1198 1017 1241 ἡεύχων).

164 1266 224 1308 38)
257 1263 412 1299 Versum
444 1265 507 1309 qui
538 1265 705 1310 sequitur
735 1266 772 1302 in
804 1267 907 1302 libris
940 1267 1062 1310 omisi,
1095 1266 1183 1311 quia
1219 1277 1286 1301 1100
1319 1264 1490 1300 Bothium
1522 1275 1588 1298 1100

71 1322 321 1368 Spengelium,
342 1334 409 1358 nec
428 1323 648 1360 Muellerum
666 1337 734 1361 1100
758 1326 1014 1369 Dombartum,
1040 1337 1107 1361 nec
1133 1325 1315 1370 Buggium
1342 1335 1407 1358 nec
1434 1323 1586 1367 Seyffer-

70 1383 149 1416 tum
177 1393 304 1416 verum
330 1382 463 1418 vidisse
489 1385 591 1428 pute,
618 1396 701 1419 cum
726 1396 809 1419 011111
836 1384 1018 1429 corrigere
1044 1384 1242 1419 studerent.
1294 1382 1353 1417 Sic
1380 1381 1539 1418 codices:

118 1451 207 1495 quia
232 1451 262 1486 si
289 1452 408 1496 (quasi
434 1452 509 1498 CD)
535 1466 647 1489 unum
675 1454 799 1489 odium
827 1454 964 1498 (odium
990 1465 1056 1488 om.
1079 1452 1153 1498 CD)
1180 1453 1384 1488 obsidiator
1409 1452 1484 1487 alifi
1507 1462 1586 1496 per-

918 1512 1060 1557 fugium
1086 1511 1191 1557 gerit.

71 1580 149 1615 Iam
182 1593 225 1616 ex
257 1583 379 1617 odium
412 1595 494 1617 cum
522 1583 732 1618 Camerario
759 1595 885 1618 omnes
911 1584 1040 1618 ostium
1067 1581 1266 1617 effecerunt
1290 1581 1379 1627 satis
1405 1581 1495 1616 mire
1521 1580 1585 1616 tri-

70 1641 223 1674 buentes
251 1640 433 1688 ‘aedibus’
461 1642 625 1677 murinis.
666 1643 737 1677 Sed
763 1642 938 1687 quoniam
965 1642 1025 1676 OD
1051 1653 1178 1676 vocem
1203 1641 1390 1684 omittunt,
1415 1639 1585 1684 numquis

69 1698 268 1742 dubitabit,
295 1700 384 1744 quin
410 1711 477 1745 per
501 1711 658 1735 errorem
685 1701 723 1735 in
750 1701 777 1735 B
803 1700 1001 1746 irrepserit,
1028 1700 1057 1734 si
1083 1710 1257 1734 monuero
1282 1699 1486 1744 proximum
1507 1711 1585 1733 ver-

70 1769 149 1791 sum
177 1758 224 1791 ab
251 1759 373 1792 odium
400 1762 479 1803 (pro
506 1760 617 1793 otium
643 1759 794 1802 tradito)
820 1759 1007 1803 incipere?
1058 1759 1134 1793 Iam
1161 1758 1259 1802 quod
1284 1759 1400 1792 restat

116 1828 203 1871 quia
228 1828 259 1863 si
284 1841 397 1863 unum
424 1831 483 1873 (sc.
499 1830 626 1874 cubile)
652 1829 875 1874 obsideatur,
901 1829 1001 1864 aliud
1028 1831 1086 1873 (sc.
1101 1829 1228 1873 cubile)
1255 1827 1463 1873 perfugium
1491 1826 1586 1872 gerit

68 1897 355 1943 (simplicissime
386 1900 453 1934 erit
479 1899 684 1945 scripseris3
723 1911 809 1935 nam
838 1899 1068 1945 ‘perfugium
1093 1898 1240 1944 gerere’
1270 1898 1344 1932 dici
1368 1897 1513 1942 nequit,
1544 1898 1587 1930 ut

70 1957 201 2001 ‘opem
228 1958 375 2001 gerere’
404 1959 500 2002 sim.)
533 1960 661 2003 aperte
694 1959 745 1993 nil
777 1959 941 1993 continet
966 1958 1036 1993 nisi
1061 1969 1186 1993 versus
1211 1958 1272 2001 qui
1299 1956 1485 1992 antecedit
1509 1967 1583 1990 mo-

68 2015 199 2050 lestam
226 2015 529 2061 explicationem,
555 2028 622 2052 nec
647 2017 720 2052 iam
747 2029 879 2063 operae
900 2018 1059 2062 pretium
1079 2017 1198 2052 habeo
1219 2016 1468 2050 demonstrare
1491 2025 1583 2058 quae

67 2075 188 2109 adhuc
215 2075 382 2119 prolatae
407 2077 493 2110 sunt
517 2088 539 2111 a
565 2076 652 2112 viris
678 2089 768 2121 quos
794 2076 981 2112 nominavi
1004 2088 1129 2112 versus
1149 2074 1386 2111 formationes
1406 2074 1452 2109 ad
1473 2084 1583 2108 unam

67 2145 193 2168 omnes
219 2134 355 2169 habere
381 2147 454 2178 quo
479 2135 712 2180 displiceant.

162 2195 221 2237 39)
261 2192 430 2228 Ceterum
462 2206 535 2229 non
568 2195 739 2240 equidem
771 2196 900 2231 dubito
932 2195 1020 2240 quin
1051 2195 1089 2229 in
1119 2195 1200 2240 ipsa
1230 2193 1452 2228 Truculento
1490 2191 1584 2226 alter

68 2253 173 2287 miles
192 2253 371 2297 gloriosus
391 2265 434 2288 ex
454 2253 590 2288 fabulis
610 2254 840 2289 Menandreis
859 2255 1124 2289 famosissimus
1145 2253 1459 2288 commemoretur.
1487 2250 1583 2284 Nam

67 2310 129 2345 ubi
157 2310 426 2355 Stratophanes
452 2311 489 2346 in
515 2322 687 2347 scaenam
712 2313 838 2357 prodit
863 2313 906 2356 11,
933 2318 964 2356 6,
994 2317 1009 2347 1
1033 2325 1112 2357 sqq.
1139 2324 1221 2346 cum
1247 2312 1380 2346 exstet:

280 2382 363 2417 Scio
389 2394 458 2427 ego
485 2383 621 2418 multos
648 2383 908 2418 memoravisse
934 2383 1070 2418 milites
1095 2382 1346 2418 mendacium:

278 2441 599 2476 Ethomeronidam
624 2445 656 2476 et
678 2445 759 2485 post
784 2442 885 2476 illam
909 2443 966 2476 illi
990 2440 1186 2476 memorari
1204 2443 1322 2484 potest

208 2509 224 2533 5
280 2499 350 2541 Qui
377 2501 414 2534 et
439 2499 599 2535 convicti
624 2500 662 2534 et
686 2499 921 2534 condemnati
946 2499 1050 2535 falsis
1075 2499 1120 2534 dc
1146 2499 1279 2544 pugnis
1305 2497 1412 2540 sient,

66 2579 173 2603 versu
198 2572 219 2602 4
246 2572 344 2605 recte
370 2572 408 2605 et
433 2570 588 2604 Bothius
608 2570 708 2614 potis
734 2571 771 2604 et
796 2570 995 2605 Muellerus
1021 2570 1044 2604 l.
1072 2582 1097 2604 s.
1119 2582 1145 2605 s.
1172 2581 1207 2614 p.
1222 2571 1290 2603 389
1312 2567 1463 2612 postilla
1487 2567 1582 2601 mille

65 2629 165 2672 (post
183 2629 288 2663 illum
307 2630 413 2664 multi
433 2628 667 2674 Spengelius)
687 2628 945 2671 restituerunt3
973 2628 1035 2663 sed
1061 2627 1099 2663 in
1118 2639 1243 2663 versus
1267 2625 1447 2672 principio
1467 2625 1580 2661 omni-

65 2687 133 2721 bus
160 2687 235 2721 fere
261 2687 398 2721 criticis
423 2688 548 2722 oculos
574 2687 802 2732 perstrinxit,
835 2688 932 2730 quod
960 2687 1152 2722 ‘Homeri’
1180 2685 1467 2721 nominationem
1494 2685 1580 2719 odo-

65 2748 250 2789 rarentur3
291 2746 424 2791 quibus
456 2757 520 2781 suo
551 2745 630 2780 iure
662 2744 835 2791 opposuit
860 2745 1067 2791 Geppertus
1093 2745 1116 2780 l.
1143 2757 1169 2780 s.
1195 2757 1221 2780 s⁴
1248 2755 1282 2789 p.
1310 2747 1355 2778 64
1385 2743 1477 2779 1111111
1509 2744 1580 2779 11110

64 2805 246 2849 quadrare
266 2816 310 2839 ex
329 2805 500 2840 Homero.
540 2805 634 2838 Nam
655 2805 712 2839 vel
739 2804 800 2848 qui
827 2804 1053 2849 excogitavit
1077 2804 1177 2849 quod
1196 2803 1431 2839 Fleckeiseno
1456 2815 1581 2839 eorum
