1688 2978
718 52 976 92 -4-

91 156 248 197 malum
280 159 353 196 aut
376 155 582 196 damnum.
599 156 711 206 dari,
744 170 877 210 neque
908 158 1053 197 tamen
1086 156 1263 197 eandem
1295 155 1609 197 excusationem

91 225 285 266 admittit
317 239 443 266 versu
469 224 524 279 ΙΙ,
549 226 588 279 2,
609 226 664 266 32
698 227 783 266 iam
809 224 988 280 [hercle]
1019 239 1087 278 eqo
1118 226 1215 267 istos
1246 228 1289 267 et
1313 225 1367 280 II,
1392 226 1433 280 2,
1457 224 1509 266 15
1539 225 1610 266 ad-

91 295 234 336 venisti
264 295 341 337 huc
373 300 407 337 te
438 300 680 338 ostentatum
713 296 854 350 [cum]
886 297 1092 338 exornatis
1124 296 1279 338 ossibus
1304 294 1362 350 (p.
1385 293 1506 350 135),
1537 296 1610 337 ubi

89 365 217 405 hercle
248 368 292 405 et
322 379 414 406 cum
446 366 499 406 ad
532 367 778 407 evitandum
812 365 978 406 hiatum
1011 366 1064 406 ab
1101 365 1274 406 homine
1316 366 1508 407 litterato
1541 365 1611 419 qui

92 434 430 477 Ambrosianum
474 437 689 478 recensuit
732 436 894 477 inserta
938 449 1030 476 esse
1074 436 1215 489 putat!
1278 434 1337 477 At
1376 450 1475 478 vero
1517 450 1610 478 cum

89 505 217 546 hercle
249 506 371 546 facile
404 506 656 547 intercidere
690 506 847 560 potuit,
878 508 971 546 tum
1003 519 1094 545 cum
1125 505 1230 546 illud
1262 508 1360 560 post
1392 505 1610 560 [ostenta]-

91 579 178 617 tum
210 591 311 617 usus
344 576 569 619 Plautinus
604 577 828 631 efflagitat.
890 576 1003 626 Quin
1035 591 1086 617 ne
1121 576 1227 625 talia
1259 577 1429 631 quidem
1463 578 1611 619 afferre.

93 648 135 685 et
174 660 423 688 coacervare
463 648 718 702 dedignatus
759 650 823 688 est
855 647 1085 701 Bergkius,
1126 648 1243 688 velut
1280 648 1392 702 quod
1424 648 1483 702 ΙΙ,
1513 649 1558 701 4,
1585 648 1610 688 6

90 715 221 756 hercle
252 730 319 769 esso
352 731 447 757 cum
479 717 600 757 hiatu
633 717 678 770 P,
711 717 747 757 A
780 717 935 758 hercule
966 731 1050 770 eyo,
1082 717 1271 770 itemque
1303 717 1341 770 Ι,
1367 718 1411 770 2,
1440 719 1490 758 16
1522 731 1611 758 cum

92 800 232 828 eorum
258 788 488 841 ayyerunus
513 787 598 842 illi,
629 787 698 829 hic
723 802 860 829 corum
886 801 976 828 eum
1001 787 1230 840 oyycrimus
1256 787 1475 841 exhibent,
1507 802 1611 841 quas

94 855 340 898 ‘admodum
371 858 529 898 liberas
563 857 840 899 mutationes’
879 858 984 898 dicit
1016 857 1174 898 ‘hiatus
1206 858 1452 898 removendi
1484 872 1612 898 causa

91 927 136 967 in
169 927 456 970 Ambrosiano
497 928 667 971 factas'!
731 929 869 978 Quare
902 931 992 970 tam
1030 928 1196 970 futtilia
1235 930 1488 982 argumenta
1525 928 1612 970 iam

92 996 266 1047 omitto,
300 1011 407 1052 quae
435 999 470 1039 si
497 999 598 1054 quid
629 1000 862 1053 probarent
887 999 1017 1040 etiam
1038 997 1151 1040 BCD
1173 998 1338 1039 codices
1366 1012 1415 1039 ex
1447 998 1611 1038 diverso

93 1068 204 1108 inter
236 1083 280 1108 se
312 1069 431 1109 fonte
463 1070 715 1122 profluxisse
747 1070 864 1110 facili
896 1069 1073 1122 negotio
1101 1069 1385 1109 demonstrari
1411 1067 1611 1123 possetss).

210 1137 273 1178 Ac
323 1152 375 1179 ne
426 1139 535 1180 illud
585 1139 757 1194 quidem
808 1139 1067 1194 attingerem
1118 1137 1232 1193 quod
1283 1137 1388 1179 satis
1438 1138 1613 1179 licent-er

92 1208 304 1261 Bergkius
338 1224 378 1261 p.
408 1210 489 1250 136
522 1225 646 1250 versu
679 1210 740 1263 ΙΙ,
772 1212 816 1262 2,
847 1212 896 1251 17
932 1211 974 1250 in
1007 1225 1096 1250 rem
1129 1224 1250 1249 suam
1281 1224 1383 1249 usus
1416 1212 1500 1262 est,
1531 1209 1613 1249 nisi

91 1275 171 1318 hac
204 1277 427 1320 occasione
459 1278 561 1320 data
599 1293 745 1320 versus
786 1279 828 1320 in
866 1281 1047 1334 utroque
1088 1278 1207 1320 fonte
1247 1278 1436 1332 corrupti
1475 1291 1612 1318 emen-

92 1348 307 1389 dationem
353 1350 406 1390 ab
448 1350 544 1390 aliis
582 1351 829 1391 incohatam
870 1351 1092 1391 absolvere
1130 1363 1255 1402 posse
1294 1348 1400 1389 mihi
1436 1348 1613 1389 viderer.

93 1416 142 1458 In
175 1433 223 1459 eo
257 1419 370 1459 enim
402 1418 490 1460 iam
521 1418 610 1460 fere
644 1420 917 1462 consentiunt
947 1420 1144 1461 homines
1178 1417 1291 1459 docti
1324 1433 1360 1458 v.
1390 1418 1442 1458 16
1477 1417 1613 1469 Quian

93 1488 165 1528 tibi
209 1501 329 1528 suaso
370 1489 548 1539 infecisti
584 1490 839 1541 propudiosa
874 1490 1081 1541 pallulam
1124 1488 1393 1529 scribendum
1434 1503 1612 1542 eumque

94 1572 190 1598 cum
222 1572 348 1599 versu
382 1558 630 1614 insequente
663 1559 1004 1615 coniungendum
1036 1574 1139 1601 esse.
1183 1558 1287 1599 Eius
1315 1573 1413 1600 vero
1440 1558 1611 1599 initium

93 1642 143 1668 ex
170 1628 450 1669 Ambrosiani
483 1629 678 1683 vestigiis
710 1643 765 1669 au
796 1644 838 1669 co
871 1630 973 1671 bella
1004 1643 1044 1670 es
1073 1630 1172 1682 quia
1204 1629 1333 1682 cizepz's
1364 1629 1437 1669 tibi
1468 1627 1542 1684 (an
1570 1642 1613 1669 eo

92 1699 194 1739 bella
225 1702 283 1740 cst
312 1699 638 1752 qui(a)aecepistc'
665 1699 713 1753 Pj)
747 1700 807 1741 sic
833 1700 1179 1741 constituendum
1213 1714 1321 1740 esse:
1353 1713 1407 1740 au
1436 1713 1478 1739 eo
1511 1699 1613 1740 bella

93 1767 125 1808 ’s
155 1768 254 1819 quia
284 1769 405 1821 clepis
431 1769 503 1809 tibi
529 1784 624 1810 cum
647 1767 876 1823 Spengelio
898 1769 1188 1824 Kiesslingius
1209 1768 1403 1823 Buggius
1424 1767 1612 1808 Kochius

93 1839 383 1892 consentiunt,
414 1854 491 1879 nec
520 1839 752 1879 Muellerus
785 1854 858 1879 cur
890 1839 1014 1879 aliter
1046 1839 1206 1880 sentiat
1238 1840 1446 1880 rationem
1478 1838 1612 1887 reddi-

93 1907 167 1948 dit.
227 1907 317 1949 Iam
364 1923 463 1949 vero
504 1912 738 1950 extremam
778 1923 922 1949 versus
964 1911 1131 1962 partem
1168 1909 1360 1950 armilias
1396 1915 1535 1949 aeneas
1574 1907 1611 1948 A

94 1978 225 2027 (idem
258 1979 302 2017 in
328 1979 520 2032 margine
547 2011 556 2019 .
577 2011 585 2018 .
606 2010 614 2018 .
635 2010 643 2018 .
677 1977 765 2031 AS,
797 1979 979 2018 fortasse
1007 1978 1241 2020 AENEAS
1268 1977 1469 2032 addidit),
1500 1990 1613 2017 arme

93 2045 233 2102 (cornea
265 2045 359 2103 OD)
403 2049 602 2090 aduem'as
644 2048 677 2089 P
717 2063 803 2089 non
847 2063 971 2102 posse
1016 2063 1111 2090 cum
1144 2046 1434 2089 Studemundo
1480 2047 1611 2088 statui

187 2178 223 2218 8)
252 2175 364 2209 Velut
391 2176 416 2219 Ι,
438 2179 469 2219 2,
485 2179 528 2210 36
556 2175 583 2209 Β
604 2186 684 2209 cum
708 2176 737 2209 A
763 2186 823 2220 eyo
850 2186 1000 2210 servans
1025 2174 1271 2210 bellissimum
1297 2174 1439 2208 hiatum
1465 2185 1612 2219 pessum

92 2233 174 2276 dat3
202 2234 226 2277 I,
249 2239 280 2277 2,
301 2239 343 2269 18
371 2237 495 2269 autem
523 2246 567 2269 ex
593 2236 687 2268 bonu
712 2246 788 2269 mea
807 2236 942 2278 cleycssi
967 2235 1004 2268 in
1031 2235 1060 2268 B
1085 2236 1174 2268 dem
1202 2234 1355 2267 «decessi
1381 2235 1519 2268 sactum
1545 2235 1611 2277 est,

60 2323 64 2327 ,
94 2292 188 2327 unde
215 2292 276 2327 CD
297 2294 394 2328 dona
419 2294 575 2328 concessi
600 2295 850 2327 correxerunt:
879 2304 972 2337 quac
1000 2294 1030 2328 si
1056 2293 1169 2328 etiam
1189 2292 1237 2326 ad
1257 2292 1419 2327 codicem
1447 2292 1474 2325 B
1500 2291 1611 2336 perti-

94 2353 197 2385 ncrct
217 2352 452 2396 depravatio,
473 2353 608 2387 iterum
629 2352 771 2386 hiatum
792 2352 1000 2386 lucraturus
1021 2354 1059 2386 et
1078 2351 1285 2396 graviorem
1305 2350 1510 2384 dissensum
1530 2361 1611 2393 pro-

94 2411 152 2444 cul
179 2411 292 2445 dubio
312 2413 506 2445 notaturus
527 2414 607 2446 erat
627 2411 824 2455 Bergkius:
851 2422 936 2445 uam
958 2414 962 2453 ἶ
985 2412 1047 2454 e'yo
1069 2413 1073 2451 Ι
1095 2411 1165 2444 huc
1184 2410 1280 2444 do'ua
1300 2409 1467 2453 congessi.
1509 2406 1613 2449 Quod

93 2480 180 2503 vero
207 2470 299 2503 talia
325 2481 473 2514 quoque
500 2469 688 2510 adhibuit,
721 2469 847 2513 qualia
879 2470 962 2503 sunt
988 2469 1037 2511 ΙΙ,
1064 2473 1102 2512 4,
1130 2472 1150 2503 8
1176 2469 1279 2502 hodie
1305 2478 1409 2502 cenas
1433 2467 1473 2510 Ρ,
1509 2478 1614 2501 66ηα3

93 2529 197 2562 hodie
215 2529 259 2571 A,
286 2528 330 2572 ΙΙ,
351 2533 384 2570 4,
400 2533 444 2562 34
470 2528 674 2573 summa[s]
699 2539 833 2572 semper
852 2529 891 2570 P,
917 2539 1052 2571 semper
1078 2538 1217 2562 summa
1242 2526 1290 2561 A:
1318 2527 1362 2570 ΙΙ,
1386 2530 1450 2569 1,4
1476 2525 1504 2559 Β
1531 2537 1613 2560 oum

94 2586 126 2620 A
153 2587 268 2621 habet
293 2589 435 2621 neniam
464 2588 571 2630 dimit,
597 2587 694 2621 ‹lm-it
713 2587 858 2620 ueniam
881 2585 953 2629 CD,
982 2586 1112 2630 11‚4‚7
1140 2587 1241 2620 salva
1267 2586 1334 2620 sim
1354 2586 1392 2628 B,
1418 2585 1484 2619 sim
1512 2586 1614 2620 salva

95 2645 155 2679 CD
183 2657 249 2690 pro
274 2647 375 2680 salva
402 2647 451 2680 sis
477 2647 507 2679 A
534 2646 612 2680 sim.
665 2645 736 2679 Sed
763 2645 853 2679 hacc
881 2645 940 2679 vix
967 2656 1059 2689 opus
1087 2647 1142 2679 est
1167 2646 1207 2679 ut
1233 2644 1442 2688 respiciam,
1478 2644 1613 2678 nedum

95 2705 136 2738 ut
166 2704 417 2739 demonstrem
449 2716 561 2748 quam
594 2714 704 2747 saepe
736 2703 886 2738 vocibus
917 2703 967 2737 sie
1006 2703 1170 2738 traiectis
1205 2702 1394 2738 omissisve
1426 2713 1470 2736 ne
1509 2702 1614 2738 hiatu

94 2763 241 2807 quidem
271 2764 511 2807 omnibusque
537 2762 697 2797 licentiis
724 2761 946 2796 advocitatis
973 2774 1097 2795 versus
1124 2761 1315 2795 efficiatur.
