1688 2978
688 59 971 99 -52Ἥ

70 159 185 200 addi:
219 159 342 199 ‘talia
374 158 424 200 de
456 174 600 201 amore
633 160 737 215 dixi,
770 176 884 202 nam
916 161 1007 214 ipse
1035 162 1232 214 expertus
1261 158 1369 200 sum'
1402 161 1498 212 eet„
1528 159 1589 199 ita

70 228 294 282 aptissime
315 228 556 270 defenditur
576 230 770 272 versibus
791 230 963 271 55—57
992 230 1028 271 si
1054 243 1130 284 per
1153 243 1253 271 nam
1278 229 1588 283 adiunguntur:

283 323 395 364 Nam
423 325 491 364 me'
517 324 649 365 fuisse
675 325 775 379 huie
800 325 939 365 fateor
967 338 1179 365 summum
1206 325 1334 377 atque
1365 322 1589 376 intumum,

282 392 405 441 Quod
439 394 624 435 amantis
657 395 793 436 multo
826 396 1115 448 pessumumst
1146 394 1365 447 pecuniae:

281 462 445 504 Eadem
478 467 704 518 postquam
740 464 871 505 alium
903 464 1109 518 repperit,
1140 464 1211 518 qui
1244 463 1339 517 plus
1371 462 1492 503 daret

223 534 250 584 ἢ·
282 531 568 575 Πῆ1111103101ἕ
601 534 704 574 1111111
737 534 886 575 exinde
917 534 1058 587 (exine
1091 533 1146 589 B)
1179 533 1376 575 immovit
1408 533 1519 585 loco,

217 613 260 643 65
282 601 417 651 Quem
451 602 633 643 antehae
660 602 854 644 odiosum
887 600 971 644 sibi
1003 616 1093 643 esse
1120 601 1387 643 memorabat
1414 599 1587 656 mala95)

280 672 642 726 Babyloniensem
675 671 873 713 militem.

66 765 184 808 Haec
216 766 333 807 vides
366 780 493 819 quam
527 768 625 820 apte
658 780 706 807 ao
738 766 957 820 perspicue
990 780 1065 820 per
1094 779 1194 807 nam
1219 779 1315 807 eum
1347 765 1435 807 illis
1468 780 1587 807 eone-

67 839 254 890 etantur,
287 851 410 890 quem
437 851 586 877 versus
614 836 668 878 58
684 851 744 891 sq.
777 836 881 877 adeo
909 851 1116 877 conexum
1148 836 1397 890 disperdunt
1422 850 1470 877 ae
1502 836 1585 877 dis-

66 907 227 960 sipant,
259 908 307 946 ut
332 906 381 946 de
407 906 741 960 interpolatione
769 920 817 947 eo
844 906 985 946 minus
1011 905 1282 952 dubitaturus
1305 904 1442 961 sis⁹⁶),
1475 906 1585 960 quod

64 976 224 1031 frigida
255 976 330 1017 illa
362 975 585 1017 adnotatio
627 991 675 1018 ae
707 975 987 1031 ‘veriloquax'
1023 1001 1071 1006 -
1108 976 1165 1017 sit
1196 976 1318 1017 venia
1349 976 1496 1018 verbo!
1530 1001 1584 1005 -—

66 1047 383 1101 grammatieuli
416 1061 543 1101 quam
576 1047 728 1088 comici
760 1047 933 1102 ingenio
961 1046 1130 1102 dignior
1156 1051 1231 1088 est.
1277 1046 1411 1089 Simul
1444 1049 1584 1088 autem

64 1118 145 1159 hae
184 1118 484 1159 observatione
524 1118 692 1158 aliunde
731 1118 868 1172 petita
905 1118 1024 1158 illam
1063 1117 1340 1159 offensionem
1383 1118 1584 1171 tollimus,

66 1203 192 1242 quam
231 1188 497 1229 Reinhardto
536 1187 873 1241 Dziatzkonique
914 1188 1146 1241 repetitum
1189 1191 1287 1241 post
1326 1189 1432 1241 prol.
1464 1203 1501 1229 v.
1532 1189 1584 1229 12

64 1258 150 1299 Hic
178 1258 337 1299 habitat
366 1258 514 1299 mulier
543 1258 689 1298 no'men
719 1258 852 1310 quoist
875 1257 1149 1299 Phronesium
1180 1258 1315 1299 movit
1346 1258 1451 1299 illud
1483 1272 1586 1310 quae

63 1328 128 1368 lee'c
158 1327 275 1369 habet
305 1328 590 1370 Phronesium.
637 1327 905 1381 Quamquam
937 1342 1013 1381 per
1045 1342 1089 1368 se
1120 1342 1207 1369 non
1239 1327 1374 1369 nimia
1406 1329 1583 1370 offensio

65 1400 198 1452 esset,
237 1398 273 1438 si
304 1399 390 1440 tale
423 1397 523 1452 quid
556 1397 600 1439 in
631 1399 879 1438 transcursu
917 1397 1073 1438 iterum
1106 1398 1418 1452 spectatoribus
1449 1399 1584 1440 incul-

65 1471 245 1510 caretur.
309 1468 439 1510 Velut
476 1484 602 1511 nemo
640 1471 744 1523 puto
782 1469 827 1510 in
866 1483 914 1510 eo
953 1468 1164 1523 haerebit,
1209 1469 1321 1523 quod
1359 1484 1454 1511 eum
1491 1470 1582 1524 ipse

66 1539 325 1581 Diniarehus
358 1539 514 1581 dixerit
542 1555 580 1581 v.
608 1540 662 1580 74
677 1554 753 1594 sq.:

276 1634 389 1676 Nam
423 1648 501 1689 ego
534 1633 696 1676 Lemno
731 1634 882 1676 adveni
915 1634 1105 1676 Athenas
1137 1634 1291 1676 nudius
1322 1635 1494 1689 tertius,

276 1704 464 1759 Legatus
497 1719 579 1758 quo
611 1704 710 1745 hine
743 1719 838 1745 eum
870 1704 1042 1758 publico
1073 1704 1253 1758 imperio
1285 1703 1429 1760 fui97),

158 1834 216 1875 95)
255 1832 409 1867 Versum
452 1843 495 1866 ex
533 1831 829 1876 praeclarissima
869 1832 1083 1867 Buecheleri
1121 1833 1332 1867 coniectura
1368 1832 1453 1867 dedi
1490 1834 1581 1876 (qui-

61 1891 301 1934 mcmifestaac
325 1890 442 1934 libri),
469 1900 557 1934 prae
583 1901 656 1934 qua
681 1892 885 1925 ceterorum
913 1890 1106 1925 conamina
1138 1903 1182 1926 ne
1213 1891 1400 1926 afferenda
1431 1891 1580 1936 quidem

62 1951 156 1984 sunt.
194 1949 249 1983 De
269 1960 375 1984 versu
395 1952 439 1983 64
464 1950 596 1992 postea
620 1948 843 1991 videbimus3
872 1961 903 1982 v.
919 1950 1043 1982 autem
1064 1953 1106 1983 62
1134 1949 1357 1984 sententiam
1387 1950 1580 1994 Maehlyus

62 2019 178 2053 nuper
208 2019 441 2052 eorrumpere
474 2008 627 2043 conatus
659 2008 716 2042 est
740 2007 762 2041 l.
790 2020 816 2042 s.
844 2019 871 2042 s.
904 2019 940 2052 p.
970 2011 1035 2042 115
1068 2008 1209 2042 amanti
1242 2019 1450 2052 proponens
1482 2009 1579 2053 quod

62 2079 174 2111 quam
199 2078 410 2111 perversum
437 2067 487 2100 sit
514 2078 544 2100 v.
566 2070 611 2100 24
622 2077 701 2110 sqq.
728 2066 872 2100 docent.

157 2130 216 2169 96)
241 2126 406 2170 Utraque
438 2124 554 2170 igitur
585 2136 697 2169 quam
723 2124 745 2160 1.
773 2137 799 2159 s.
827 2136 853 2159 s.
880 2124 1058 2160 Dziatzko
1091 2125 1306 2170 explanavit
1336 2126 1502 2171 offensio,
1538 2129 1581 2162 ut

62 2185 335 2220 ‘retractatum'
365 2195 443 2218 esse
469 2185 564 2217 hunc
589 2183 711 2217 10011111
738 2183 941 2225 evinceret,
974 2194 1048 2217 una
1073 2195 1154 2218 cum
1182 2184 1336 2219 sublatis
1361 2185 1441 2219 istis
1469 2185 1578 2219 versi-

60 2243 152 2279 eulis
178 2243 328 2278 sublata
353 2243 418 2277 est.

156 2305 214 2345 97)
247 2313 316 2346 quo
341 2303 427 2335 hinc
451 2302 660 2345 transposui
692 2313 774 2335 011111
801 2302 952 2344 Bothio,
986 2301 1203 2346 Spen'gelius
1235 2314 1316 2336 cum
1349 2303 1445 2336 male
1479 2303 1579 2336 ‘hine

60 2373 133 2406 qno
161 2361 311 2405 publico
342 2359 511 2404 imperio'
549 2358 735 2394 induxerit
761 2359 819 2403 (cf.
847 2359 1089 2405 Kiesslingius
1115 2360 1137 2396 l.
1167 2373 1193 2395 s,
1220 2362 1273 2405 s.).
1323 2360 1422 2395 Nam
1453 2362 1577 2396 autem

60 2422 130 2454 hoc
156 2420 305 2463 quidem
331 2419 411 2452 loco
438 2418 540 2452 nulla
566 2418 708 2452 ratione
736 2418 917 2453 offendere
944 2417 1088 2461 debuit,
1123 2429 1205 2452 eum
1230 2418 1448 2453 Diniarehus
1473 2420 1576 2454 abso-

58 2478 146 2512 lutis
172 2479 248 2512 iam
273 2476 576 2511 meditationibus
602 2475 914 2520 querimoniisque
947 2475 994 2509 ad
1023 2475 1062 2510 id
1094 2487 1131 2510 se
1164 2477 1354 2511 convertat
1383 2476 1422 2511 in
1456 2489 1576 2513 rerum

58 2536 216 2570 veritate
242 2535 342 2580 quod
363 2535 610 2580 conquerendi
630 2545 777 2569 causam
798 2534 966 2569 dederat:
993 2534 1135 2570 tamdiu
1155 2545 1193 2569 se
1206 2534 1371 2570 Athenas
1390 2546 1577 2571 reversum

58 2606 135 2630 esse
162 2606 280 2639 neque
306 2596 431 2629 tamen
457 2594 614 2629 amicam
647 2593 839 2629 etiamtum
872 2594 1015 2638 visisse‚
1049 2605 1144 2638 quae
1176 2594 1288 2629 verba
1319 2593 1389 2628 sibi
1420 2594 1507 2629 dare
1540 2606 1577 2629 se

58 2655 205 2697 potesse
232 2655 391 2688 censeat.
430 2654 472 2687 Id
497 2653 576 2698 ipse
603 2652 763 2696 quodam
789 2652 898 2687 modo
918 2652 1095 2687 Dziatzko
1121 2652 1244 2687 innuit
1268 2651 1302 2697 15.
1325 2655 1385 2687 58:
1415 2653 1514 2688 ‘dass
1539 2664 1577 2688 er

56 2713 150 2747 nach
180 2713 302 2746 seinen
334 2713 465 2756 Ianyen
495 2712 592 2746 mehr
623 2711 829 2745 abstralcten
855 2710 1001 2754 Klaye‘n
1031 2711 1109 2744 und
1133 2710 1368 2754 Refleoeionen
1397 2712 1485 2746 iiber
1518 2713 1576 2747 die

57 2771 166 2805 Liebe
190 2771 405 2806 schliesslieh
431 2771 523 2805 auch
549 2771 624 2811 auf
642 2770 699 2804 die
724 2770 844 2804 realem
865 2769 1107 2804 Verlzciltnisse
1131 2770 1269 2814 einyeht
1293 2771 1341 2805 ist
1366 2771 1575 2815 beyreislieh
