1688 2978
711 134 968 176 „7—

85 241 246 293 mentis,
289 239 401 294 quod
437 253 650 293 nusquam
681 241 902 293 praeterea
933 240 1157 295 usurpavit
1187 240 1386 294 Plautus,
1425 243 1600 294 propter

84 312 225 365 ipsam
249 310 469 353 notionem
495 308 889 365 (‘Ermalmunyen’)
916 325 1002 352 non
1035 311 1213 365 quadret
1245 310 1297 352 ad
1329 311 1598 352 meretricem

85 380 432 436 stimulatricem,
478 380 590 421 clare
633 379 713 421 hac
754 380 1031 422 Ambrosiani
1075 381 1405 436 interpolatione
1449 381 1598 422 confir-

85 453 226 492 matur
262 452 375 505 quod
413 452 569 492 dudum
602 466 651 492 ex
682 451 978 493 Palatinorum
1012 454 1224 505 scriptura
1256 452 1466 493 Meursius
1501 451 1597 493 Gol-

86 521 317 576 dastusque
366 521 600 563 elicuerunt
655 521 956 577 blandimentis,
1010 522 1302 564 oramentis:
1358 535 1466 576 quae
1516 535 1597 562 vox

85 607 344 646 quamquam
383 607 433 633 ex
471 591 687 646 analogia,
729 607 816 634 non
854 608 904 634 ex
945 593 1203 634 auctoritate
1235 592 1489 633 stabilienda
1522 595 1598 645 est,

83 661 328 703 illustratur
365 662 548 718 quodam
586 662 712 704 modo
750 663 976 706 exorabulis
1013 663 1219 705 vocabulo
1254 677 1346 704 cuni
1387 662 1599 704 blanditiis

82 733 115 787 Ι,
145 734 180 788 1,
201 735 227 775 6
254 734 496 788 coniuncto,
529 734 641 789 quod
668 735 772 776 item
799 735 908 778 ἅπαξ
936 736 1156 786 εἰρημένον
1189 735 1271 775 dici
1304 736 1464 788 potest3
1498 748 1596 775 nam

84 804 196 859 quod
239 805 353 847 idem
398 805 508 860 apud
546 805 776 861 Apuleium
821 822 899 848 usu
942 806 1077 861 venit,
1120 805 1232 847 hunc
1275 805 1414 859 ipsum
1457 805 1598 847 Plauti

85 874 226 915 locum
258 875 348 915 sine
382 875 509 916 dubio
542 876 614 916 ille
647 877 867 929 expressit.

202 942 283 985 Sed
320 945 568 999 priusquam
601 945 687 986 alia
718 946 954 987 communis
987 946 1307 1000 depravationis
1340 946 1595 987 communis-

84 1030 163 1069 que
196 1015 376 1070 originis
409 1016 594 1070 vestigia
619 1017 664 1056 in
690 1018 870 1070 utraque
896 1017 1143 1057 recensione
1171 1017 1424 1070 apparentia
1455 1031 1596 1069 perse—

84 1100 207 1139 quar,
239 1099 345 1139 quae
377 1086 533 1127 certius
559 1086 804 1140 opinionem
830 1087 1117 1142 Bergkianam
1144 1087 1420 1128 corroborare
1455 1086 1596 1127 viden-

82 1159 152 1197 tur
183 1157 492 1209 discrepantias
525 1171 766 1198 recenseam
808 1160 850 1198 et
887 1158 1004 1211 ipsas
1038 1172 1202 1212 quoque
1234 1158 1361 1197 aliter
1392 1156 1596 1210 explicari

84 1228 280 1280 oportere
313 1226 612 1269 demonstrem.

201 1296 263 1336 Ac
289 1311 413 1336 versu
440 1297 610 1350 quidem
636 1297 690 1347 ΙΙ,
720 1299 755 1351 1,
775 1299 831 1338 35
857 1295 915 1352 (p.
940 1296 1039 1352 133>
1065 1298 1137 1337 ubi
1163 1288 1287 1337 nemo
1313 1297 1400 1337 iam
1427 1296 1595 1336 dubitat

84 1366 186 1420 quin
212 1368 381 1420 praeter
406 1366 616 1407 rationem
639 1366 972 1409 Ambrosianum
994 1365 1245 1421 Spengelius
1273 1369 1442 1407 secutus
1465 1365 1596 1422 sitm),

82 1437 257 1477 rusticus
288 1449 383 1475 cum
423 1438 572 1488 aperta
603 1437 719 1476 vocis
751 1438 920 1489 agrestis
957 1436 1255 1488 interpretatio
1295 1436 1351 1475 sit
1390 1450 1440 1476 ex
1472 1451 1597 1476 versu

83 1505 137 1560 ΙΙ,
157 1507 195 1561 2,
214 1507 238 1548 8
266 1505 489 1560 arcessita,
522 1505 573 1547 ad
600 1505 800 1549 librarios
826 1505 1202 1561 grammaticosve,
1233 1520 1319 1548 non
1346 1505 1397 1547 ad
1422 1505 1595 1549 histrio—

82 1591 157 1617 nes
188 1577 319 1616 talem
345 1576 583 1616 dissensum
616 1577 827 1633 pertinere
853 1577 970 1617 vides
996 1590 1073 1616 nec
1099 1576 1236 1629 magis
1264 1591 1597 1617 commemoran-

84 1646 184 1687 dum
216 1661 307 1687 esse
339 1661 467 1700 quam
499 1646 610 1700 quod
642 1646 701 1700 ΙΙ,
733 1647 779 1700 4,
806 1648 859 1688 27
893 1646 989 1688 Iam
1022 1646 1196 1688 Zau'ta's?
1246 1646 1356 1688 Phr.
1397 1646 1493 1688 Iam
1523 1648 1597 1700 pol

82 1716 188 1757 mihi
216 1716 376 1768 quidem
406 1719 524 1767 atque
560 1717 686 1757 oculis
715 1718 814 1757 meis
845 1714 904 1770 (p.
933 1714 1034 1771 1:38)
1072 1717 1382 1757 Ambrosianus
1421 1719 1463 1756 et
1501 1732 1595 1757 cum

49 1774 52 1776 ⁵
85 1802 132 1829 eo
154 1785 404 1841 Spengelius
430 1786 474 1828 in
493 1786 715 1829 Phronesii
742 1787 1017 1842 responsione
1044 1787 1158 1828 lauta
1185 1786 1387 1841 supplens
1417 1787 1499 1828 iam
1523 1788 1597 1840 pol

83 1857 316 1911 particulas
350 1857 814 1898 accommodatissimas
848 1858 1027 1910 expulit,
1060 1858 1125 1897 vel
1158 1858 1271 1910 quod
1295 1857 1348 1910 ΙΙ,
1369 1859 1407 1909 2,
1428 1858 1483 1897 23
1502 1872 1595 1909 per-

41 1964 45 1969 .
74 1932 206 1985 petem
226 1931 374 1970 totam
389 1927 427 1969 A
440 1927 571 1970 habet
591 1926 805 1983 (pcipctim
819 1925 871 1982 P)
893 1926 1112 1968 commode
1134 1927 1338 1968 omissum
1358 1943 1382 1969 a
1397 1927 1596 1983 Bergkio.

83 1999 196 2040 Nam
228 1999 303 2039 illa
329 1998 522 2051 exempla
547 1997 601 2051 ΙΙ,
626 1999 660 2049 1,
680 1998 735 2038 35
762 2000 805 2037 et
829 1997 883 2050 ΙΙ,
903 1998 942 2051 4,
962 1998 1013 2037 27
1048 1997 1093 2036 in
1120 2012 1168 2038 eo
1194 2000 1364 2038 tantum
1394 1998 1595 2039 differunt

84 2069 137 2111 ab
158 2068 210 2123 ΙΙ,
225 2069 263 2123 2,
278 2069 346 2123 23,
370 2068 469 2123 quia
489 2069 671 2109 metrum
691 2082 776 2108 non
796 2069 1026 2122 repugnat3
1059 2081 1188 2121 quare
1208 2067 1364 2108 iterum
1384 2067 1594 2123 Bergkius

84 2140 230 2181 omisit
250 2139 584 2179 Ambrosianum
609 2152 734 2178 versu
759 2137 814 2192 ΙΙ,
836 2138 872 2190 1,
892 2138 949 2178 36
980 2140 1248 2191 repugnante
1282 2140 1419 2179 metro
1443 2139 1596 2191 probus

83 2212 244 2251 amator
275 2223 350 2263 pro
375 2209 529 2262 probus
552 2209 670 2250 dator
701 2222 749 2248 ex
777 2207 967 2249 versibus
993 2206 1047 2261 ΙΙ,
1075 2208 1109 2261 1,
1131 2208 1187 2248 20
1207 2210 1249 2247 et
1268 2208 1324 2248 25
1357 2208 1595 2249 adscivisse.

84 2281 200 2330 Quae
233 2295 328 2321 cum
354 2280 416 2320 ita
442 2279 544 2332 sint,
575 2292 628 2319 ne
660 2277 912 2319 tenuissima
938 2277 1107 2331 quidem
1139 2278 1407 2319 dubitatione
1439 2279 1596 2320 iniecta

84 2351 213 2392 etiam
246 2350 409 2391 duobus
437 2352 535 2391 ante
560 2349 755 2391 versibus
784 2348 943 2390 demum
963 2352 1154 2403 oyyermzt
1177 2363 1253 2403 pro
1279 2349 1418 2390 demus
1436 2350 1596 2391 danunt

83 2422 379 2464 Palatinorum
412 2420 624 2474 scriptura
655 2435 705 2461 ex
736 2420 931 2461 versibus
963 2419 994 2473 Ι,
1021 2421 1058 2473 2,
1090 2421 1140 2461 10
1173 2422 1215 2460 et
1251 2421 1301 2460 16
1335 2420 1379 2461 in
1414 2420 1595 2462 Ambro-

84 2492 193 2534 siani
220 2493 465 2533 contextum
492 2504 535 2530 se
561 2489 798 2531 insinuasse
824 2489 1103 2530 iudicabimus
1116 2488 1165 2544 16)
1199 2504 1406 2544 vocesque
1432 2491 1595 2544 priscas

181 2619 235 2660 15)
270 2617 374 2651 Ve'lut
398 2617 456 2650 hic
480 2620 530 2651 est
555 2617 760 2651 adulescens
785 2617 848 2661 qui
871 2616 1012 2650 habitat
1036 2616 1093 2649 hic
1112 2616 1262 2661 aqi-estis
1281 2617 1438 2651 rusticus
1458 2617 1499 2659 A,
1534 2617 1595 2651 Ve-

84 2679 138 2712 lut
162 2678 219 2712 hic
244 2677 393 2721 aqi-estis
418 2678 467 2711 e'st
493 2677 698 2711 adulescens
723 2677 786 2720 qui
816 2676 874 2711 hic
905 2676 1008 2710 habet
1033 2675 1078 2717 P;
1110 2675 1154 2709 cf.
1180 2676 1327 2719 praeter
1358 2675 1450 2711 alios
1476 2676 1594 2711 Kiess-

84 2735 219 2781 lingius
239 2736 261 2769 l.
283 2747 308 2770 s.
330 2747 354 2769 s.
377 2747 411 2779 p.
429 2737 506 2779 628,
535 2735 807 2769 Studcmundus
829 2734 1037 2779 ‘Festyruss
1057 2735 1089 2768 cl.
1110 2735 1231 2777 philol.
1249 2734 1327 2769 Ges.
1347 2744 1393 2768 ,τιι
1413 2734 1591 2769 ῙΓιισνεόῨ

84 2808 119 2840 p.
145 2799 201 2830 47.

179 2853 235 2897 ie)
268 2855 400 2888 osclum
432 2854 567 2888 amicae
601 2864 708 2897 usquc
733 2853 867 2897 oygycn't
899 2853 936 2886 et
967 2853 1072 2886 cllum
1106 2853 1200 2886 ultro
1235 2853 1304 2895 ipsi
1336 2855 1520 2895 (lyaei-unt
1547 2852 1595 2885 <ul
