1688 2978
704 603 766 629 ‘Mn
783 602 1035 636 homdopathisclten
1053 606 1276 631 hausmittelchen
1296 606 1331 630 ist
1348 605 1403 639 fiir
1421 606 1465 630 die
1483 606 1599 630 wunden

649 647 708 670 und
725 647 865 677 yebrechen
885 654 994 672 unxere-3
1012 646 1113 671 steickes
1131 647 1208 672 keine
1225 647 1337 676 heilunq
1356 645 1489 677 miiqlich'.

790 686 1041 716 A.Kiess1ingius
1061 686 1139 711 Ann.
1159 686 1262 716 philol.
1282 688 1303 713 t.
1320 685 1438 711 XCVII
1456 694 1483 716 p.
1497 687 1557 711 614.

703 741 886 772 ‘Quamquam
906 741 993 765 multa
1012 740 1081 765 milti
1099 740 1183 765 etiam
1195 742 1351 771 supersunt,
1370 740 1467 764 desisto
1481 741 1513 764 de
1528 740 1598 764 Tru-

648 783 762 805 culento.
793 782 1044 805 scholasticam
1072 781 1141 804 illa
1169 781 1390 812 efflayitant
1417 782 1598 811 cli-scepta<

649 822 779 846 tionem
793 824 822 846 et
835 823 1058 853 ineptiarum
1072 823 1250 845 molestam
1266 820 1595 851 reprehensionem’.

789 862 824 888 F.
839 863 1037 888 Buechelerus
1057 862 1134 887 Anu.
1153 861 1255 892 philol.
1276 864 1296 886 t.
1310 860 1360 886 CV
1379 869 1406 892 p.
1420 862 1481 887 572.

205 942 515 986 TRVCVLENTO
547 945 897 987 truculentiorem
928 945 1093 986 nullam
1126 958 1168 985 se
1201 944 1361 986 criticis
1393 944 1597 998 praebere

86 1012 275 1055 fabulam
312 1031 397 1057 uno
437 1031 509 1057 ore
547 1017 733 1058 clamant
776 1017 1013 1071 quicunque
1051 1015 1118 1058 vel
1161 1015 1374 1069 prioribus
1416 1015 1596 1056 saeculis

86 1083 152 1124 vel
189 1087 338 1126 nostra
370 1088 511 1128 aetate
543 1101 634 1128 eam
675 1087 866 1142 adgressi
904 1089 1013 1128 sunt.
1073 1085 1187 1127 Nam
1224 1086 1269 1126 in
1301 1085 1596 1126 Palatinorum

85 1168 191 1207 quos
218 1154 395 1196 dicimus
421 1157 626 1198 memoria
652 1157 901 1211 saepissime
926 1157 1059 1197 verba
1089 1159 1179 1196 tam
1211 1156 1364 1196 misere
1396 1157 1596 1208 corrupta

84 1223 318 1266 dilacerata
349 1226 560 1267 exstincta
592 1230 708 1281 sunt,
738 1229 786 1268 ut
818 1240 1084 1269 communem
1117 1225 1312 1268 omnibus
1346 1225 1488 1266 labem
1519 1238 1597 1278 per

84 1294 220 1346 ipsius
264 1295 483 1348 archetypi
530 1297 821 1338 condicionem
865 1300 908 1338 et
949 1297 1166 1338 fortunam
1210 1295 1458 1348 adspersam
1503 1309 1594 1336 esse

85 1367 302 1419 appareat.
347 1365 525 1408 Accedit
557 1366 668 1421 quod
700 1381 859 1422 paucae
892 1381 998 1422 quae
1024 1367 1068 1409 in
1087 1365 1373 1408 Ambrosiano
1401 1369 1595 1407 servatae

84 1438 184 1476 suut
220 1436 442 1489 relliquiae
481 1438 561 1477 etsi
598 1439 815 1479 nonnullis
856 1439 960 1480 locis
1002 1437 1263 1491 corrigendis
1302 1450 1467 1477 summo
1499 1450 1593 1476 cum

84 1506 370 1547 emolumento
398 1506 592 1548 adhiberi
623 1510 822 1562 possunt,
853 1510 998 1549 tamen
1022 1522 1108 1548 non
1133 1506 1259 1548 modo
1285 1506 1402 1561 ipsae
1429 1520 1595 1560 quoque

83 1576 311 1617 admodum
342 1577 499 1618 vitiosa
531 1578 662 1618 verba
698 1581 849 1631 poetae
882 1578 1101 1631 exhibent,
1138 1591 1285 1617 verum
1317 1577 1448 1617 etiam
1479 1576 1594 1616 haud

83 1647 211 1688 semel
259 1661 283 1687 a
327 1649 563 1688 ceterorum
612 1648 820 1689 librorum
864 1648 1076 1702 scriptura
1125 1647 1228 1688 adeo
1278 1646 1498 1701 recedunt,
1546 1648 1594 1686 ut

81 1731 217 1758 novae
255 1717 350 1757 inde
392 1718 550 1759 criticis
591 1718 870 1759 difficultates
909 1719 1115 1760 oriantur.
1177 1716 1289 1765 Quin
1324 1718 1448 1757 tanta
1488 1716 1592 1757 haec

81 1787 327 1828 librorum
372 1787 724 1842 discrepantia
767 1788 858 1829 visa
900 1790 966 1829 est
1008 1787 1211 1841 Bergkio,
1255 1802 1380 1841 quae
1424 1802 1523 1828 non
1567 1801 1592 1828 a

81 1858 527 1911 grammaticorum
582 1859 982 1900 librariorumve
1039 1858 1144 1899 sive
1201 1857 1436 1898 socordia
1487 1857 1592 1897 sive

80 1941 237 1980 prava
281 1927 562 1969 sedulitate
604 1928 768 1982 repeti
812 1928 996 1982 possit,
1040 1928 1124 1969 sed
1168 1942 1292 1982 quae
1334 1929 1474 1968 certa
1517 1926 1592 1967 hi-

81 1996 331 2038 strionum
363 1998 677 2040 temeritatis
709 1998 936 2052 vestigia
968 1997 1196 2053 servet1).
1241 1997 1304 2038 De
1336 1997 1415 2038 hac
1448 1999 1589 2038 autem

80 2082 123 2107 re
149 2081 244 2109 cum
270 2068 407 2110 facere
431 2084 517 2110 non
543 2070 704 2123 possim
730 2070 831 2123 quin
857 2069 983 2110 aliter
1015 2069 1216 2123 sentiam,
1248 2068 1392 2123 paullo
1419 2067 1590 2108 uberius

176 2210 208 2252 1)
237 2208 363 2242 ‘Beitr.
384 2220 413 2242 z.
434 2208 560 2243 latein.
582 2208 758 2243 Gramm.’
781 2209 796 2241 I
816 2220 851 2252 p.
869 2212 951 2242 132:
981 2208 1098 2241 ‘Noch
1118 2207 1205 2250 ,jetzt
1226 2208 1371 2242 erkennt
1389 2218 1475 2241 man
1494 2208 1591 2241 deut-

79 2266 149 2299 lich
180 2277 229 2300 an
260 2266 372 2300 vielen
403 2266 535 2300 Stellen
571 2267 630 2301 cles
664 2267 924 2308 Truculentus,
960 2266 1026 2299 wie
1062 2266 1102 2299 in
1136 2266 1322 2299 bewusster
1352 2266 1502 2300 Absieht
1534 2267 1592 2300 die

78 2323 237 2368 Sprache
262 2325 322 2358 des
340 2324 509 2358 Diehters
526 2325 758 2358 modernisirt
777 2325 841 2366 ist,
866 2325 964 2358 ‘nicht
989 2327 1077 2358 etwa
1102 2334 1171 2358 von
1191 2323 1482 2359 Grammatikern
1507 2326 1592 2359 oder

77 2383 326 2416 unwissenden
357 2383 635 2423 Abschreibern,
672 2383 828 2416 sondern
857 2393 926 2416 von
963 2384 1031 2416 den
1063 2382 1496 2425 Schauspieldirektoren,
1534 2384 1591 2416 die

76 2451 157 2475 zum
186 2441 314 2484 Behuf
344 2441 441 2475 einer
473 2451 586 2474 neuen
617 2440 861 2486 Auffoeihruny
891 2441 958 2476 das
988 2439 1098 2474 Stuek
1128 2439 1365 2485 eiyenhsindiy
1397 2441 1591 2475 revidirten

77 2500 161 2533 oder
197 2499 290 2533 auch
327 2499 429 2532 einen
461 2500 614 2533 Ander‘n
644 2500 709 2533 mit
739 2500 867 2533 diesem
899 2499 1068 2542 Gesehdft
1099 2500 1360 2543 beauftragyten.
1412 2499 1504 2533 Hier
1536 2499 1589 2532 be-

75 2557 192 2592 wdhrt
215 2557 289 2592 sich
314 2568 393 2592 mm
417 2557 474 2592 die
498 2556 698 2592 Recensz'on
722 2558 785 2593 der
814 2558 960 2602 Pfa'le‘er
985 2557 1139 2592 Hdschr.
1166 2558 1216 2591 im
1242 2557 1485 2602 Allyevvzeioezeoz
1511 2558 1591 2592 sehr

75 2618 323 2660 vortheilha-st,
348 2618 466 2652 inclem
491 2619 541 2652 sie
565 2619 623 2653 die
648 2619 927 2654 allerthiimliehe
946 2617 1060 2652 Form
1082 2618 1148 2652 mit
1171 2618 1251 2652 weit
1275 2621 1453 2662 yrdsserer
1477 2618 1590 2652 Treue

75 2676 208 2721 wahrt,
246 2677 416 2711 wahrend
447 2677 504 2712 die
528 2676 728 2712 Receusion
758 2677 818 2712 des
842 2677 1106 2712 Ambrosianus
1136 2677 1211 2711 sich
1242 2687 1339 2711 ,eu-ar
1369 2677 1481 2711 durch
1512 2677 1590 2710 eine

74 2735 216 2779 qewisse
235 2735 354 2770 Glc'itte
377 2736 569 2780 empfiehlt,
594 2736 678 2770 aber
703 2737 795 2770 auch
820 2737 888 2771 den
913 2736 1161 2780 ehrwztrdfflen
1179 2735 1270 2769 Rost
1289 2737 1349 2770 cles
1368 2736 1588 2770 Alterthums

75 2794 171 2828 mehr
196 2794 281 2828 oder
305 2795 445 2829 minder
469 2795 667 2839 einyebiisst
691 2795 779 2830 hat!
833 2794 885 2829 Cf.
912 2807 947 2839 p.
977 2799 1055 2829 135.
1084 2798 1160 2828 137.
1191 2799 1255 2828 138
1269 2807 1321 2838 sq.

147 2858 313 2892 Schoell,
334 2859 466 2885 Divinat.
486 2861 516 2885 iu
537 2861 577 2906 l’l.
599 2861 647 2885 Tr.
1287 2858 1302 2887 l
