1688 2978
690 145 980 186 -01-

80 252 289 308 Seyfferto
321 251 476 293 Philol.
507 253 536 292 t.
568 249 689 292 XXV
722 265 760 304 p.
779 250 867 291 464
897 249 1130 290 Muellerus
1161 249 1187 289 l.
1221 263 1251 289 s.
1284 263 1314 289 s.
1346 263 1384 302 p.
1405 248 1490 290 486
1522 246 1592 304 (cf.

80 322 281 365 εΝαοῖιΐνῖ
326 338 366 377 p.
406 323 457 364 71
491 320 570 377 sq.)
614 320 723 373 Quos
764 335 892 362 nune
934 320 1180 373 mutabant,
1223 319 1313 360 iure
1358 320 1592 373 meritoque

80 392 345 435 Luebbertus
378 389 495 433 Stud.
527 405 705 446 gramm.
737 390 782 432 P.
812 390 854 432 II
885 406 924 445 p.
960 390 1042 432 118
1063 405 1135 445 sq„
1174 390 1258 431 249
1279 404 1339 444 sq.
1380 405 1475 431 cum
1508 389 1595 430 alia

82 463 275 517 exempla
301 463 513 517 opposuit,
538 465 628 504 tum
656 461 777 516 Capt.
796 477 834 503 v.
856 462 939 503 724
955 475 1032 516 sq.:
1065 460 1097 501 Ι
1099 460 1140 501 bi
1168 474 1305 513 quom
1336 461 1413 501 alii
1437 463 1594 501 octonos

82 534 235 587 lapides
264 533 476 586 ecfodiam,
506 533 608 574 nisi
639 531 852 574 Cotidiano
877 532 1109 585 sesquiopus
1133 531 1365 585 confeceris,
1396 530 1593 572 8636973ΐο-

79 605 200 658 playo
237 618 383 646 nomen
420 604 584 644 indetur
614 603 696 644 tibi.
759 601 839 644 Sed
871 602 979 643 illud
1010 602 1155 657 potius
1188 602 1300 643 male
1332 603 1593 656 molesteque

80 675 224 728 habet,
256 674 368 728 quod
399 677 497 728 post
528 674 740 727 duplicem
771 674 965 727 protasin
992 674 1330 727 superingeritur
1357 673 1593 713 enuntiatio

82 746 278 788 relativa:

243 837 323 888 Qui
354 839 528 879 n6strae
561 839 693 879 aetati
726 838 1052 892 intempestivae
1070 835 1136 892 ¹⁰9)
1168 838 1419 892 temperent.

83 932 165 975 Sed
202 933 307 974 duos
345 948 493 974 versus
532 948 557 974 a
593 933 775 973 relativo
814 932 1068 986 incipientes
1108 933 1248 973 sedem
1282 933 1394 973 inter
1425 947 1469 973 se
1500 947 1592 986 per-

83 1005 269 1044 mutasse
301 1003 445 1044 nescio
485 1018 538 1044 an
569 1017 847 1056 persuasurus
887 1003 967 1043 sim
1004 1002 1251 1043 hominibus
1285 1003 1438 1056 doctis,
1463 1003 1594 1057 ‘sicut

83 1072 195 1112 idem
233 1072 283 1113 de
321 1073 513 1114 versibus
546 1074 602 1114 46
624 1087 685 1127 sq.
726 1087 751 1113 a
789 1073 901 1113 Nam
933 1075 976 1113 et
1009 1072 1142 1123 Quam
1179 1073 1480 1126 incipientibus
1515 1072 1592 1113 Ca·

83 1142 288 1183 merarius
322 1143 519 1184 omnibus
551 1143 784 1196 persuasit3
817 1142 1068 1196 praesertim
1101 1138 1195 1184 cum
1222 1144 1433 1195 temperint
1456 1143 1594 1184 forma

6 1240 10 1244 -
83 1226 108 1252 a
140 1212 352 1253 codicibus
386 1214 571 1266 servata,
615 1213 665 1253 de
699 1227 783 1266 qua
814 1212 959 1253 videas
991 1212 1281 1254 Luebbertum
1312 1213 1592 1254 disserentem

84 1280 200 1323 Stud.
232 1296 410 1337 gramm.
441 1282 486 1324 P.
518 1282 539 1323 I
571 1298 609 1336 p.
641 1283 716 1336 94,
760 1297 886 1337 quam
924 1297 974 1324 ex
1011 1283 1170 1325 tradito
1209 1298 1405 1325 versuum
1446 1284 1593 1325 ordine

83 1366 178 1393 cum
198 1351 327 1394 Valla
359 1354 403 1394 in
435 1356 651 1407 temperent
681 1352 930 1394 mutandum
963 1367 1053 1394 esse
1082 1352 1336 1407 Spengelius
1364 1354 1594 1407 perspexit,

86 1422 355 1476 aptissimum
387 1424 690 1478 propriumque
722 1423 861 1464 locum
894 1423 1085 1477 recipiat,
1117 1423 1152 1464 si
1184 1424 1517 1477 reposuerimus:

295 1514 359 1556 Ne
392 1515 466 1570 qus
494 1516 683 1570 parentis
716 1517 797 1555 neli
830 1515 1003 1569 cognati
1035 1515 1237 1569 sentiant,

296 1586 377 1635 Qui
407 1588 580 1628 nostrae
613 1586 745 1626 aetati
777 1585 1105 1639 intempestivae
1136 1587 1379 1639 temperint.

295 1655 408 1705 Quos
441 1657 569 1711 quom
602 1654 878 1710 celamus‚-ss
905 1655 1089 1697 faximus
1122 1656 1315 1698 c6nscios
1346 1660 1412 1697 eet.

84 1746 164 1788 Sed
196 1748 283 1789 iam
314 1748 367 1789 ad
399 1748 524 1790 huius
557 1749 864 1790 enuntiationis
898 1749 1106 1802 apodosin
1132 1750 1369 1791 accedimus
1395 1751 1593 1804 expeditu

84 1818 402 1860 difficillimam:

295 1912 419 1954 Unne
451 1911 578 1968 (unde
610 1911 703 1967 OD)
737 1915 990 1967 anteparata
1020 1914 1166 1955 demus
1197 1917 1295 1969 post
1326 1916 1570 1969 partoribus

296 1983 328 2023 F
331 1983 444 2023 axim
475 1983 676 2025 lenonum
709 1986 751 2024 et
784 1987 1021 2026 scortorum
1053 1985 1150 2038 plus
1183 1988 1248 2026 est

296 2052 355 2094 Et
386 2053 526 2094 minus
559 2052 716 2109 (minos
737 2052 792 2109 B)
824 2054 1157 2108 dampnosorum
1189 2054 1346 2110 (danos
1365 2056 1518 2098 horum
1538 2056 1593 2111 B)

762 2124 984 2165 hominum
1016 2139 1142 2178 quam
1173 2140 1284 2166 nunc
1317 2128 1416 2166 sunt
1448 2126 1541 2167 siet.

85 2214 168 2257 Pro
195 2216 292 2269 plus
322 2219 380 2257 est
417 2216 528 2270 quod
560 2217 707 2271 procul
740 2217 866 2259 dubio
898 2217 1071 2271 irrepsit
1102 2233 1151 2259 ex
1185 2233 1221 2259 v.
1252 2218 1309 2259 45
1342 2219 1455 2260 Nam
1486 2233 1595 2260 mmo

86 2285 274 2326 lenommz
322 2289 360 2326 et
399 2290 622 2328 scortorum
665 2288 762 2339 plus
804 2290 862 2328 est
900 2287 984 2338 fere
1024 2287 1213 2340 plerique
1258 2303 1352 2328 cum
1396 2288 1594 2330 Acidalio

81 2355 248 2407 posthae
278 2356 425 2406 minus,
458 2356 534 2398 alii
560 2371 654 2398 cum
680 2356 868 2398 Meursio
899 2357 1024 2398 multo
1054 2358 1203 2411 minus,
1234 2357 1461 2412 Maehlyus
1481 2359 1596 2400 l.s.s.

83 2424 270 2476 satuimus
296 2421 484 2468 lenonum
509 2431 545 2468 et
569 2431 791 2469 scortorum
807 2431 902 2480 post
915 2425 963 2482 (Σ)
989 2428 1125 2469 minus
1152 2428 1474 2470 substituerunt.
1518 2430 1595 2470 At-

88 2495 159 2549 qui
185 2496 329 2538 nullus
361 2498 556 2552 equidem
589 2498 754 2552 dubito,
786 2498 888 2552 quin
921 2513 970 2539 ex
1002 2484 1149 2540 eodem
1181 2514 1305 2541 versu
1319 2500 1377 2542 45
1409 2501 1597 2543 lenonum

86 2568 124 2605 et
156 2570 377 2608 scortorum
415 2568 467 2609 ad
504 2569 635 2610 verba
672 2569 959 2610 damnosorum
994 2568 1204 2610 homimem
1244 2570 1495 2623 explicanda
1526 2572 1595 2612 ad-

88 2636 248 2690 scripta
280 2637 386 2692 sint,
417 2653 597 2692 quorum
629 2639 757 2680 tertia
788 2638 879 2680 vice
911 2654 948 2679 v.
979 2639 1034 2680 48
1067 2641 1326 2681 mentionem
1357 2642 1492 2695 repeti
1523 2657 1598 2696 per

88 2720 131 2746 se
161 2722 245 2749 non
276 2711 421 2762 potest
451 2723 538 2750 non
569 2709 796 2750 molestum
828 2709 972 2750 videri.
1021 2709 1214 2764 Denique
1242 2712 1378 2763 samm
1405 2737 1459 2741 —
1486 2713 1597 2766 quod

184 2860 265 2902 109)
294 2857 346 2893 Cf.
374 2859 591 2904 Spengelius
617 2859 656 2893 in
684 2859 766 2894 adn.
793 2859 839 2893 ad
865 2859 900 2894 h.
927 2859 961 2903 l.‚
989 2859 1230 2906 Kiesslingius
1255 2862 1279 2897 l.
1306 2874 1332 2897 s.
1361 2874 1387 2896 s.
1413 2874 1448 2907 p.
1471 2867 1548 2898 621.
