1688 2978
691 104 748 109 -..
810 80 866 121 56
930 105 983 109 -

76 197 115 224 v.
151 183 250 224 120:

290 251 411 294 Adeo
445 252 660 308 modesto,
693 253 798 296 adeo
831 255 1025 308 venusto,
1058 256 1107 296 ut
1137 252 1204 295 m'l
1237 269 1366 309 supra
1382 252 1461 310 ¹⁰¹).

194 346 287 386 Iam
319 360 420 387 vero
454 345 508 387 ad
539 345 892 401 interpolationes
925 348 973 387 ut
1003 345 1189 400 redeam,
1221 361 1388 389 versum
1422 348 1466 389 2:

293 438 471 479 Amanti
504 439 604 479 dum
636 439 679 480 id
709 437 924 493 perdiscat
955 441 1059 493 quot
1090 438 1239 493 pereat
1269 441 1408 481 modis

78 533 202 572 teneo
244 531 382 573 adhuc
420 532 575 572 misere
615 547 664 573 ex
697 532 878 574 aliorum
910 546 1109 573 versuum
1141 532 1335 574 frustulis
1368 535 1598 575 conflatum

81 614 192 654 esse,
225 615 321 642 cum
354 601 564 656 imprimis
596 604 693 654 quot
722 601 853 644 modis
875 604 1017 654 pereat
1047 615 1171 643 versu
1204 602 1231 644 5
1262 602 1429 660 rediens
1462 604 1598 646 mani-

78 672 233 712 festam
260 671 410 712 reddat
435 671 821 724 interpolationem.
865 672 1029 713 Eadem
1050 674 1136 714 fere
1155 674 1322 715 ratione
1343 674 1596 716 Boeckelius

79 742 106 783 l.
139 756 169 783 s.
203 756 235 782 s.
267 755 306 795 p.
326 740 381 782 28
415 754 586 782 versum
612 741 669 782 20
701 742 756 783 ob
789 756 937 784 versus
973 742 1025 784 13
1059 742 1386 786 similitudinem
1416 744 1598 798 proscri-

80 813 222 853 bebat.
290 812 424 864 Atqui
462 811 613 852 horum
652 827 850 853 versuum
890 813 1021 853 aliam
1053 814 1344 854 condicionem
1377 829 1468 855 esse
1501 830 1599 856 con-

82 880 226 936 tendo,
259 882 306 922 ut
338 881 404 923 vel
436 880 699 923 desideretur
731 881 891 936 aliquid
924 882 1118 925 oratione
1151 883 1260 925 nude
1288 899 1336 926 ac
1361 883 1499 926 ieiune
1526 900 1602 939 per

82 966 251 993 versum
286 950 337 992 19
371 951 505 992 finita.
565 951 678 993 Nam
711 967 748 992 v.
774 953 843 993 13:

294 1044 501 1098 Temptat
531 1045 799 1100 benignusne
833 1046 887 1086 an
920 1046 1057 1087 bonae
1089 1045 1207 1100 frugi
1235 1047 1318 1088 sies

83 1138 285 1193 quoniam
318 1140 521 1192 tanquam
555 1137 892 1191 propositionem
925 1139 1114 1180 continet
1145 1153 1292 1180 eorum
1325 1155 1431 1194 quae
1458 1156 1603 1182 secun-

83 1212 164 1262 tur,
198 1207 422 1263 aptissime
454 1207 613 1249 eisdem
645 1222 780 1262 paene
813 1208 955 1249 verbis
988 1209 1204 1251 conclusio
1236 1209 1302 1251 fit:

295 1301 450 1343 Itidem
481 1300 555 1343 isti
588 1304 766 1355 amator,
799 1302 859 1343 sei
890 1301 933 1343 1'd
965 1302 1076 1356 quod
1109 1304 1256 1343 oratur
1287 1302 1402 1344 dedit

297 1372 439 1425 Atque
472 1373 537 1413 est
568 1372 777 1426 benignus
810 1372 954 1425 potius
987 1387 1114 1426 quam
1146 1372 1264 1427 frugi
1292 1373 1439 1414 bonae.

205 1464 318 1506 Huic
356 1467 499 1506 autem
537 1464 857 1506 ratiocinationi
895 1468 1067 1507 nostrae
1107 1480 1160 1507 ne
1202 1466 1439 1519 exemplum
1481 1465 1604 1518 desit,

85 1536 352 1577 simillimum
379 1549 428 1575 ex
456 1534 665 1576 orationis
692 1535 1031 1577 conformatione
1059 1535 1208 1576 afferre
1234 1535 1361 1577 liceat
1379 1534 1602 1576 Menandri

84 1608 376 1661 fragmentum
407 1605 488 1647 inc.
519 1605 603 1647 fab.
634 1605 713 1647 IX:

298 1699 434 1741 Ὅταν
467 1699 623 1741 εἰδέναι
656 1701 780 1754 θέλῃς
812 1701 989 1742 (εαυτὸν
1022 1700 1132 1742 ὅετιε
1164 1699 1211 1751 εἷ,

300 1770 518 1822 ἕμβλεψον
551 1771 609 1812 εἰ(
640 1771 692 1812 τὰ
724 1770 912 1822 μνήμαθ’,
944 1771 1002 1812 ὡς
1034 1770 1277 1822 ὁδοιπορεῖ(
1295 1768 1374 1824 102).

300 1840 468 1882 ἐνταῦθ’
499 1840 631 1882 ἔνε(τ’
662 1841 762 1883 ὀετᾶ
794 1856 839 1883 τε
872 1843 938 1883 καὶ
971 1842 1110 1893 κούφη
1143 1841 1256 1882 κόνι(

300 1911 470 1962 ἀνδρῶν
505 1910 709 1963 βοίειλέων
741 1913 807 1953 καὶ
838 1912 1060 1963 τυράννων
1093 1913 1158 1953 καὶ
1191 1913 1349 1963 εοφῶν,

207 1993 227 2022 5
301 1982 368 2022 καὶ
401 1983 507 2031 μέγα
540 1983 822 2032 φρονούντων
854 1983 923 2023 ἐπὶ
954 1983 1066 2031 γένει
1092 1982 1166 2037 ἱκαὶ
1199 1983 1410 2032 χρήμαειν,

300 2051 442 2093 αὐτῶν
473 2066 518 2094 τε
552 2052 652 2107 δόξῃ
685 2051 784 2094 κάπὶ
815 2052 959 2095 κάλλει
991 2051 1204 2103 εωμάτων.

301 2121 394 2162 ἀλλ’
426 2122 555 2163 οὐδὲν
587 2123 729 2164 αὐτῶν
761 2123 886 2164 τῶνδ’
918 2124 1146 2174 ἑπήρκεεεν
1179 2122 1345 2173 χρόνος.

302 2192 446 2234 κοινὸν
478 2193 555 2234 τὸν
587 2193 694 2246 ᾅδην
726 2193 851 2244 ἕεχον
883 2193 923 2234 οἱ
955 2192 1112 2235 πάντες
1146 2192 1298 2245 βροτοί.

302 2264 410 2314 πρὸ(
441 2262 559 2305 ταῦθ’
591 2262 706 2313 ὁρῶν
736 2263 940 2313 γίγνωεκε
972 2264 1126 2305 (αυτὸν
1159 2262 1269 2304 ὅετιε
1301 2262 1347 2304 εἷ.

188 2430 267 2471 101)
289 2427 342 2462 De
363 2428 430 2462 etsi
447 2437 529 2461 cum
550 2426 753 2461 Ritschelio
774 2426 864 2461 facit
883 2426 945 2470 qui
965 2438 1081 2472 nuper
1100 2427 1218 2462 totam
1239 2426 1334 2460 hanc
1353 2425 1607 2470 quaestionem

91 2488 263 2522 accurate
294 2486 511 2521 retractavit
542 2486 581 2521 O.
609 2485 840 2531 Brugmanus
871 2485 894 2521 l.
922 2498 947 2522 s,
975 2498 1001 2520 s.
1033 2498 1068 2531 p.
1094 2489 1156 2528 23,
1190 2485 1254 2529 qui
1279 2484 1377 2529 quod
1403 2485 1490 2519 adeo'
1515 2483 1609 2518 illud

90 2545 128 2579 in
155 2544 400 2589 suspicionem
428 2556 559 2580 vocare
586 2556 694 2580 ausus
721 2545 792 2588 est,
828 2544 936 2579 valde
969 2544 1098 2579 dubito
1124 2555 1171 2578 an
1197 2543 1368 2587 cuiquam
1394 2554 1609 2588 processura

92 2605 141 2638 sit
167 2604 344 2638 correctio
370 2615 497 2639 versus
524 2603 773 2638 venustissimi
800 2604 913 2647 atque
939 2601 1178 2647 integerrimi.

189 2676 271 2718 102)
298 2674 371 2709 An:
398 2676 580 2718 έμβλεψον
606 2673 655 2709 εἰ(
680 2674 727 2708 τὰ
752 2674 910 2717 μνήματ’
936 2675 985 2708 ube
1011 2673 1253 2717 obotrropoc?
1310 2671 1406 2706 Nam
1439 2672 1489 2706 ὼε
1515 2672 1609 2706 ὁδοι-

90 2738 215 2777 πορεῖ(
243 2733 360 2776 ‘vix’‚
387 2745 430 2767 ac
455 2745 500 2768 ne
526 2732 586 2767 vix
612 2732 779 2776 quidem,
808 2731 959 2766 ‘sanum
986 2732 1082 2766 csse’
1111 2732 1158 2766 ob
1183 2731 1403 2765 insolentem
1429 2729 1609 2774 significa-

91 2793 230 2828 tionem
256 2793 354 2834 dum,
379 2793 525 2836 quando
551 2791 756 2826 Meinekius
782 2790 977 2835 perspexit.
1138 2785 1148 2793 ⁹
