1688 2978
683 123 971 165 -23-

72 231 290 284 tamquam
340 227 708 270 absolutissimum
758 229 997 284 exemplum
1047 228 1307 284 Astaphium
1363 230 1582 285 habemus,

73 313 180 354 quae
211 298 311 339 hinc
341 298 460 339 illinc
492 313 587 340 cum
619 314 668 340 ex
701 300 959 341 comicorum
989 300 1263 355 fragmentis,
1301 303 1392 342 tum
1426 316 1475 342 ex
1508 301 1582 342 Al-

72 368 290 422 ciphronis
329 369 524 423 epistulis
556 369 816 425 Lucianique
855 370 1040 426 dialogis
1078 374 1120 412 et
1157 372 1450 413 consimilibus
1484 373 1582 414 scri-

72 439 291 493 ptionibus
323 439 618 493 comperimus,
650 440 793 481 omnia
824 440 1121 492 complectens.
1169 441 1281 494 Ipsis
1308 445 1451 482 autem
1477 457 1582 495 quos

72 508 244 550 exhibui
288 509 482 550 versibus
531 508 644 550 haud
692 508 977 564 improbabile
1027 512 1092 551 est
1142 511 1192 552 de
1237 509 1424 553 Calliclis
1469 512 1581 554 filiae

73 576 571 635 (ἐρωμένηε,ἐλευθε’ραε)
597 578 743 633 filiolo,
775 593 898 633 quem
931 581 1057 631 χωρὶς
1081 582 1254 632 τρέφειν
1284 581 1363 622 illa
1392 581 1581 636 tradidit,

72 649 201 691 verba
236 649 346 703 fieri3
391 664 439 691 ac
475 649 618 691 nescio
657 664 710 690 an
749 664 892 691 versus
931 665 980 691 ex
1011 650 1191 706 prologo
1223 650 1480 694 Menandreo
1513 653 1581 694 de-

74 720 231 775 sumpti
257 710 350 761 ¹sint
363 717 426 775 4⁷).

187 790 312 832 Nunc
343 805 443 832 vero
474 790 762 844 fragmentum
795 790 1107 832 consideremus
1139 792 1437 846 gravissimum
1471 793 1581 846 apud

73 855 301 901 Stobaeum
335 859 448 900 Flor.
479 858 591 914 LIII,
622 860 648 900 3
682 862 912 901 servatum:

282 965 601 1021 Εὐλοιδόρητρν,
634 965 692 1005 ὼε
724 965 851 1015 ἔοικε,
885 965 1081 1016 φαίνεται

280 1035 330 1077 τὸ
361 1038 437 1077 τοῦ
470 1034 724 1087 ετρατιώτου
759 1038 891 1086 (χῆμα
924 1035 989 1076 καὶ
1020 1036 1068 1076 τὸ
1101 1038 1177 1076 τοῦ
1208 1036 1342 1077 Ξένου.

69 1222 160 1256 mihi
185 1232 250 1256 nec
275 1232 327 1255 mc
351 1221 506 1264 malficio
531 1221 687 1254 vinceres
713 1230 830 1263 neque
850 1219 997 1254 omnino
1023 1221 1100 1253 tam
1122 1220 1376 1254 vehementem
1402 1220 1577 1256 invectio-

68 1292 150 1315 nem
182 1280 262 1315 loco
292 1279 417 1324 reique
450 1278 537 1313 satis
569 1277 686 1312 videri
717 1277 923 1312 convenire.
974 1277 1061 1312 Veri
1091 1277 1204 1322 igitur
1230 1278 1384 1313 similius
1410 1279 1576 1324 morique

68 1338 237 1374 Plautino
263 1337 537 1372 convenientius
563 1337 681 1371 visum
707 1339 762 1370 est
786 1335 1015 1370 meretricem
1042 1348 1112 1371 non
1139 1337 1183 1371 de
1209 1336 1379 1380 Astaphii
1404 1337 1577 1372 monendi

70 1397 260 1433 ‘malficio’
290 1396 402 1432 verba
427 1396 558 1438 facere,
585 1395 647 1430 sed
673 1396 718 1430 de
744 1406 802 1440 eo,
829 1406 900 1439 quo
926 1395 1007 1440 ipsa
1032 1395 1188 1431 militem
1213 1398 1366 1441 tangere
1391 1395 1429 1430 in
1454 1396 1576 1431 animo

68 1457 223 1491 haberet
248 1455 305 1499 (cf.
332 1457 428 1490 Pers.
455 1468 488 1490 v.
515 1459 594 1498 843,
620 1455 748 1490 Pseud.
774 1467 808 1490 v.
834 1458 934 1498 382);
961 1466 1073 1499 quare
1100 1466 1143 1490 ex

232 1539 322 1583 gotu
347 1537 621 1584 mala-me[ame]
648 1536 804 1583 mone[t]
831 1536 931 1572 ruria
954 1548 1013 1572 me
1037 1536 1196 1572 malficio
1221 1536 1404 1573 uincerest

66 1597 186 1633 effeci:

231 1656 332 1692 certil
354 1656 491 1690 malam
645 1666 752 1690 mone
773 1676 786 1681 -
810 1654 983 1690 ru-la-m
1004 1665 1047 1690 eo
1067 1654 1226 1690 malficio
1251 1654 1436 1690 uincerest

66 1728 125 1763 vel
151 1726 274 1773 aptius
302 1727 495 1761 ‘certumst
515 1746 557 1751 —-
579 1726 751 1770 vincere’‚
777 1727 819 1760 ut
844 1726 957 1760 verba
980 1725 1018 1759 in
1043 1736 1168 1760 versus
1194 1725 1374 1770 principio

523 1796 582 1832 cui
607 1797 726 1831 adhuc
752 1807 770 1831 e
798 1812 841 1824 =
867 1794 955 1840 quid
981 1795 1050 1830 hoc
1076 1796 1123 1830 e?

65 1868 175 1904 militi
205 1867 400 1903 tribuenda
432 1867 521 1911 sint,
557 1867 621 1911 qui
652 1867 851 1910 antequam
881 1876 987 1899 versu
1018 1865 1232 1909 insequente
1265 1866 1405 1901 diceret
1432 1868 1575 1911 peperit

65 1928 204 1969 mulier,
235 1930 276 1960 ut
300 1937 361 1970 eyo
386 1927 516 1970 opinor
546 1925 619 1959 iam
652 1925 871 1968 apparatum
898 1923 973 1957 eius
998 1922 1236 1967 conspiceret.
1286 1924 1339 1958 De
1366 1925 1573 1959 monetula-

65 1997 145 2019 rum
177 1984 336 2019 malficio
367 1984 446 2019 auri
478 1982 706 2027 exspoliandi
737 1981 921 2025 proverbii
951 1980 1069 2015 instar
1094 1981 1261 2015 adhibito
1287 1982 1331 2016 ad
1360 1983 1573 2017 Ciceronem

64 2054 280 2088 provocasse
308 2042 465 2077 sufficiet
489 2052 556 2085 pro
581 2040 699 2073 Flacc.
720 2043 848 2082 31‚76:
873 2049 948 2073 mm
966 2039 1054 2082 plus
1079 2050 1210 2073 aurum
1235 2039 1303 2073 tibi
1327 2051 1435 2083 quam
1459 2052 1573 2076 morie-

64 2103 172 2136 dulae
196 2101 473 2142 committebant,
499 2098 543 2134 cf.
569 2098 708 2133 Plinius
732 2098 777 2132 H.
803 2098 848 2132 N.
874 2098 918 2141 X,
945 2102 988 2132 29
1016 2098 1106 2141 (41):
1134 2098 1193 2131 cui
1216 2098 1286 2132 soli
1309 2099 1370 2132 avi
1393 2099 1574 2140 furacitas

65 2161 206 2206 aryeuti
248 2160 400 2205 aurique
437 2158 634 2203 praecipue
675 2157 769 2192 mira
811 2160 870 2191 est.
928 2156 1123 2191 Praeterea
1166 2156 1209 2191 cf.
1248 2168 1364 2191 mures
1400 2158 1575 2193 edacitate

66 2220 205 2253 vincere
228 2218 326 2253 Pers.
352 2230 385 2252 v.
413 2222 468 2262 59,
495 2215 630 2252 ceream
655 2227 763 2250 cursu
787 2216 925 2250 vincere
949 2215 1056 2250 Poen.
1084 2215 1145 2258 III,
1175 2219 1204 2259 l⁷
1226 2219 1286 2258 273
1312 2216 1404 2251 Rud.
1432 2229 1465 2251 v.
1493 2221 1572 2261 838,

64 2277 195 2312 Bacch.
221 2288 254 2311 v.
282 2281 360 2312 514.
410 2277 538 2321 Itaque
563 2274 743 2311 dederim:

113 2349 193 2384 Str.
233 2347 328 2390 Quid
352 2348 422 2382 hoc
448 2349 526 2382 est?
587 2346 683 2381 Phr.
722 2345 906 2381 Certumst
930 2346 1067 2381 malam
1093 2345 1318 2380 monerulam
1345 2349 1387 2382 eo
1413 2347 1572 2383 malficio

906 2406 1066 2439 vincere!

161 2490 219 2533 47)
245 2489 285 2522 In
313 2488 466 2534 singulis
492 2488 745 2523 construendis
771 2490 881 2532 atque
908 2487 1126 2522 extricandis
1146 2498 1239 2530 quae
1259 2489 1401 2522 restant
1419 2488 1572 2524 difficul-

64 2549 162 2583 tates
194 2547 264 2582 etsi
294 2547 534 2582 coniectando
565 2546 744 2582 removeri
774 2547 962 2591 poterunt,
988 2545 1102 2580 nolim
1134 2545 1303 2589 equidem
1334 2546 1510 2582 hariolari
1535 2547 1572 2581 in

63 2607 270 2652 fragmento
305 2606 472 2650 abrupto.
528 2606 624 2640 Nam
658 2606 756 2650 quod
790 2605 993 2640 Meinekius
1020 2626 1061 2629 —
1088 2605 1347 2649 praeterquam
1381 2606 1479 2650 quod
1514 2608 1572 2640 καὶ

64 2665 258 2700 delevit—
273 2666 388 2709 ταύτῃ
410 2676 492 2699 cum
514 2665 653 2699 Clerico
678 2664 840 2709 itemque
865 2665 992 2708 τρέφει
1017 2665 1053 2698 et
1078 2664 1271 2706 ἐλευθέραν
1298 2675 1380 2698 cum
1407 2664 1571 2699 Dobraeo

65 2724 238 2769 reposuit,
264 2734 496 2768 nequaquam
523 2724 672 2767 sufficit;
700 2735 812 2769 quare
836 2723 875 2758 in
895 2735 937 2758 eo
958 2723 1229 2758 subsistendum
1255 2723 1334 2766 erit,
1361 2725 1401 2758 ut
1426 2734 1570 2757 monea-

65 2795 147 2817 mus
171 2783 285 2818 verba
310 2782 436 2827 qualia
459 2782 636 2817 habemus
661 2783 828 2827 intellegi
853 2794 925 2817 non
950 2794 1066 2828 posse,
1099 2782 1162 2817 sed
1188 2782 1277 2817 satis
1302 2782 1432 2826 planas
1457 2781 1569 2815 conti-

63 2853 148 2877 nere
174 2854 257 2876 cum
283 2841 505 2877 Truculento
530 2842 582 2877 rei
608 2841 878 2877 similitudines.
