1688 2978
680 135 746 154 ·-—
811 123 983 165 35—

85 247 183 273 vero
223 231 367 272 eadem
405 228 571 283 ratione
607 228 712 268 haec
752 227 909 268 locutio
950 226 1059 280 apud
1098 226 1331 266 Lucianum
1370 227 1601 278 usurpatur

87 302 239 343 Toxar.
272 314 304 340 c.
327 298 381 338 15
396 296 446 352 ⁶⁸)
480 297 764 351 suspicionem
797 297 847 336 de
879 294 1111 336 Menandro
1145 308 1342 347 expresso
1376 294 1479 335 adeo
1512 308 1597 334 non

84 371 295 425 segregat,
325 369 373 409 ut
399 366 465 408 vel
492 366 767 408 Lucianum
799 365 855 407 ad
889 363 1185 419 Sicyonium
1218 366 1452 418 spectare
1484 362 1599 404 haud

84 454 193 480 vana
225 437 368 492 opinio
401 438 469 479 sit.
518 437 632 479 Nam
663 440 833 491 praeter
863 436 995 477 verba
1027 449 1135 489 quae
1162 435 1306 488 attigi:
1337 434 1389 475 τὰ
1415 436 1489 484 μὲν
1514 434 1595 484 γὰρ

83 511 200 560 δῶρα
241 508 291 549 οὐ
331 508 436 550 κατὰ
476 510 586 560 μῆλα
627 508 692 549 καὶ
734 506 969 559 ετεφάνουε
1010 504 1259 547 ἀντεδίδοτο
1302 504 1424 559 αὐτῇ,
1471 503 1600 545 ἀλλὰ

83 579 332 620 ευνοικίαι
365 577 477 619 ὅλαι
508 579 588 619 καὶ
620 578 765 629 ἀγροὶ
796 579 863 619 καὶ
895 577 1145 628 θεράπαιναι
1176 577 1243 616 καὶ
1277 577 1444 627 ἑεθῆτε(
1477 576 1598 617 εὐαν-

85 651 172 690 θεῑε
211 648 278 689 καὶ
316 648 470 699 χρυεόν
509 647 670 690 ὁπόεον
708 649 927 699 ἐθελήεειε.
997 647 1062 688 καὶ
1094 646 1131 687 τί
1163 645 1263 697 γὰρ;
1316 646 1362 686 ἐν
1396 649 1542 697 βραχεῖ
1574 645 1598 685 ὁ

82 719 277 760 Λύεωνοε
319 718 432 759 οἶκος
473 718 809 769 ὀνομαετότατοε
849 721 937 759 τῶν
975 719 1022 759 ἐν
1055 717 1187 770 Ἰωνίᾳ
1219 716 1449 767 γενόμενος
1481 717 1596 768 ἐξήν-

82 791 211 839 τλητο
241 789 321 839 ἤδη
353 789 419 829 καὶ
451 789 740 838 ἐξεκεκένωτο,
771 790 943 841 praeter
968 787 1074 828 haec
1099 786 1232 840 igitur
1257 786 1388 827 verba
1412 786 1597 840 primum

82 858 253 913 quidem
297 872 347 899 ex
392 858 540 899 eodem
580 858 719 914 capite
764 857 913 898 affero:
963 857 1030 897 καὶ
1073 857 1165 897 ἐπεὶ
1208 857 1358 909 ᾔεθετο
1386 859 1598 913 πονηρῶς

83 928 238 978 ἔχοντα
270 929 336 969 καὶ
369 928 598 980 διάβροχον
628 929 706 978 ἤδη
739 931 799 981 τῷ
833 927 957 978 ἔρωτι
988 927 1055 967 καὶ
1086 927 1265 977 τακερὸν
1297 927 1595 977 γεγενημένον,

82 997 204 1039 ἄλλο
249 999 330 1039 ἐπὶ
372 998 580 1039 τούτοις
624 997 827 1038 ἐπενόει
871 997 950 1037 καὶ
993 997 1081 1037 τὸν
1124 995 1300 1036 ἄθλιον
1341 995 1596 1038 ἀπώλλυε·

81 1069 217 1109 κύειν
249 1082 299 1109 τε
337 1068 430 1118 γὰρ
468 1068 517 1109 ἐξ
556 1067 710 1109 αὐτοῦ
749 1064 1099 1122 εκήπτεται69)·
1131 1066 1278 1108 ἱκανὸν
1304 1067 1350 1107 δὲ
1377 1067 1443 1108 καὶ
1469 1070 1595 1108 τοῦτο

165 1231 234 1271 68)
266 1228 463 1262 Praeterea
494 1228 648 1262 eandem
681 1228 778 1272 apud
812 1228 967 1262 eundem
1002 1227 1296 1262 coniunctionem
1332 1228 1445 1262 habes
1478 1228 1595 1271 Epist.

84 1286 229 1321 Saturn.
255 1286 333 1330 XX,
361 1286 425 1321 sed
450 1286 609 1330 proprie,
637 1297 709 1320 non
735 1286 780 1320 de
805 1285 918 1331 largis
944 1286 1146 1321 amantium
1173 1286 1278 1320 donis
1304 1288 1538 1331 usurpatam:
1565 1287 1594 1320 εἰ

81 1347 128 1387 μὴ
159 1347 246 1379 τοὺ(
277 1345 470 1378 πλουείουε
504 1345 678 1387 ἑωρῶμεν
709 1345 868 1388 τοεαύτῃ
896 1344 1107 1388 εὐδαιμονίᾳ
1133 1345 1322 1387 ευνόνταε,
1359 1344 1392 1378 οἳ
1418 1348 1595 1379 τοεοῦτον

80 1403 145 1443 μὲν
170 1403 313 1446 χρυεόν,
339 1405 517 1436 rocos-rone
544 1403 583 1436 δὲ
609 1403 771 1445 ἄργυρον
798 1402 1072 1445 ἑγκλειεάμενοι,
1099 1402 1249 1444 ἐεθῆταε
1275 1402 1313 1435 δὲ
1334 1403 1417 1436 ὅεαε
1436 1403 1593 1445 ἔχοντες,

80 1460 294 1502 ἀνδράποδα
320 1460 358 1493 δὲ
384 1461 442 1493 καὶ
468 1460 577 1502 Ζεύγη
605 1461 676 1493 καὶ
702 1459 930 1494 (υνοικίαε
955 1461 1025 1493 καὶ
1051 1460 1226 1502 ἀγρούς.

176 1520 233 1562 69)
260 1518 301 1551 In
328 1517 471 1552 cantico
498 1529 570 1561 quo
595 1518 834 1552 Phronesium
861 1518 930 1552 hoc
957 1516 1150 1551 consilium
1177 1517 1353 1561 explanat
1376 1528 1449 1552 non
1474 1529 1593 1562 pauca

79 1577 221 1620 insunt,
259 1587 353 1620 quae
379 1576 448 1610 hoc
473 1576 553 1611 loco
580 1577 786 1612 accuratius
813 1576 963 1621 exsequi
989 1587 1061 1611 non
1086 1587 1251 1621 possum:
1290 1576 1380 1611 duas
1412 1576 1510 1611 enim
1542 1588 1595 1611 re-

81 1636 269 1671 censiones
296 1635 511 1670 coniunctas
536 1636 699 1670 exhiberi
725 1636 814 1680 puto
840 1648 873 1670 v.
903 1638 1015 1669 1—11
1043 1636 1081 1669 et
1108 1639 1255 1679 12—22‚
1286 1647 1368 1671 cum
1394 1647 1427 1670 v.
1455 1639 1593 1670 23-7‘23

80 1694 226 1737 utrique
250 1693 349 1737 parti
375 1694 594 1728 adnectendi
620 1694 707 1736 sint,
735 1694 800 1728 sed
824 1694 884 1728 vel
910 1694 960 1728 sic
986 1696 1135 1736 restant,
1162 1695 1294 1737 quibus
1321 1695 1437 1729 oratio
1463 1695 1592 1739 ampli-

79 1752 190 1787 ficata
215 1763 291 1787 esse
317 1751 498 1796 videatur,
525 1752 626 1787 velut
651 1764 683 1786 v.
713 1756 755 1786 15
782 1752 841 1795 (cf.
868 1752 1112 1797 Kiesslingius
1141 1752 1163 1786 l.
1192 1765 1217 1786 s.
1245 1765 1272 1786 s.
1298 1765 1333 1797 p.
1361 1757 1439 1797 (332,
1465 1753 1592 1787 Fleck-

80 1810 223 1844 eisenus
248 1812 342 1844 Ann.
368 1811 458 1855 phil.
484 1813 510 1845 t.
526 1811 588 1845 CV
613 1824 648 1855 p.
664 1812 746 1854 367)
771 1811 934 1854 itemque
959 1824 992 1846 v.
1012 1816 1064 1846 17.
1108 1811 1262 1845 Versum
1288 1813 1412 1845 autem
1439 1815 1482 1845 22
1509 1823 1592 1845 cum

79 1867 335 1903 Fleckeisenus
353 1869 376 1903 l.
392 1880 417 1903 s.
433 1868 685 1913 proscriberet,
712 1868 809 1902 haud
834 1868 969 1902 iniuria
993 1869 1153 1903 Kochius
1179 1868 1265 1903 ibid.
1287 1869 1462 1913 opposuit
1480 1870 1594 1903 verba

79 1928 185 1970 quasi
205 1929 399 1971 puerperio
425 1928 544 1962 cubem
569 1926 892 1970 interpolationem
918 1926 977 1961 vix
1003 1928 1178 1963 redolere.
1224 1926 1295 1961 Sed
1315 1928 1413 1970 quod
1438 1929 1593 1971 gyravida

81 1983 167 2019 ferri
192 1996 263 2019 non
289 1996 395 2029 posse
420 1985 459 2019 in
478 1995 660 2029 puerpera
678 1985 934 2019 Fleckeisenus
961 1997 1043 2020 cum
1063 1985 1239 2019 Muellero
1267 1986 1457 2019 contendit
1482 1986 1593 2019 nullis

78 2043 244 2078 artificiis
280 2044 525 2088 redarguitur.
595 2042 714 2085 Quare
758 2054 841 2077 cum
877 2054 943 2077 nec
982 2042 1170 2087 Spengelii
1207 2053 1274 2077 nec
1312 2043 1482 2089 Seyfferti
1525 2055 1592 2079 nec

80 2101 211 2136 Kochii
237 2102 469 2137 coniecturae
496 2102 697 2146 sufficiant,
722 2113 789 2136 nec
813 2101 1055 2136 Mueller-iana
1080 2102 1117 2144 (l.
1144 2113 1170 2135 s.
1197 2113 1223 2135 S.
1250 2114 1285 2145 p.
1312 2105 1393 2146 396)
1419 2102 1590 2146 cuiquam

79 2160 277 2204 placuerit,
310 2172 353 2194 ex
378 2160 556 2195 librorum
588 2160 786 2205 scriptura:
832 2170 976 2203 eumque
1014 2162 1181 2193 ornatum
1218 2163 1259 2193 ut
1294 2161 1450 2204 gravida
1486 2162 1593 2205 quasi

77 2229 203 2263 puerp.
230 2229 256 2253 c.
284 2219 527 2254 Buechelerus
552 2220 575 2254 l.
598 2231 625 2254 S.
646 2231 673 2254 S.
699 2231 735 2263 p.
751 2222 835 2253 571:
861 2229 1006 2263 sumque
1030 2221 1161 2252 ornata
1187 2218 1239 2251 ita
1266 2221 1305 2251 ut
1331 2229 1441 2262 aeyra
1465 2220 1592 2253 ridear

81 2288 110 2320 q.
132 2288 171 2320 p.
199 2288 226 2311 c.
254 2277 376 2311 effecit
400 2278 620 2313 acutissime.
672 2277 797 2312 Nihilo
830 2276 947 2311 minus
980 2276 1091 2311 aliam
1116 2276 1295 2310 rationem
1321 2277 1590 2312 admittendam

80 2346 157 2369 esse
183 2336 272 2379 puto
299 2335 344 2369 ob
364 2335 588 2370 locutionem
607 2336 733 2380 paullo
753 2335 999 2370 molestiorem
1024 2336 1090 2369 ita
1114 2338 1160 2368 ut
1186 2345 1294 2378 aeyra
1313 2336 1437 2369 videar
1462 2338 1593 2380 quasi

74 2393 268 2438 puerperio
293 2393 423 2427 cubem.
468 2393 637 2438 Namque
662 2394 701 2428 in
726 2394 866 2429 tradita
891 2393 1071 2438 scriptura
1096 2393 1269 2438 quoniam
1296 2396 1333 2428 et
1356 2395 1513 2438 yravida
1539 2395 1590 2429 of-

79 2452 198 2487 fendit
224 2453 260 2486 et
278 2452 429 2486 verbum
451 2452 692 2497 desideratur,
718 2454 873 2497 utraque
900 2451 1009 2487 simul
1033 2452 1243 2486 removetur
1267 2451 1435 2495 offensio,
1463 2453 1492 2487 si
1518 2465 1591 2487 me-

80 2520 161 2544 cum
192 2510 230 2544 in
260 2511 446 2554 ι(]ι·αυιῗ(ᾱα)
478 2511 684 2555 perfectum
715 2511 901 2555 quoddam
927 2511 1041 2545 latere
1067 2510 1277 2554 suspiceris,
1310 2512 1358 2546 (Ia
1384 2512 1526 2556 syllaba
1550 2515 1592 2546 ut

79 2568 206 2603 eadem
231 2567 375 2603 ratione
402 2567 547 2604 adiecta
573 2569 631 2613 sit,
658 2580 731 2614 qua
756 2569 800 2614 II,
821 2574 852 2613 6,
868 2573 911 2603 55
938 2568 1015 2603 cod.
1033 2567 1058 2603 C
1085 2579 1150 2613 pro
1172 2570 1329 2614 pariqra
1354 2581 1398 2604 ex
1427 2571 1589 2615 Plu-wia

79 2629 250 2671 corrupto
276 2626 467 2661 substituit
485 2628 577 2671 pari
600 2628 751 2671 qratia.
802 2627 929 2670 Itaque
956 2627 1187 2662 scribendum
1214 2640 1290 2663 esse
1316 2632 1424 2673 puto:

289 2707 443 2741 eumque
470 2696 600 2731 ornatu
629 2696 680 2731 mi
705 2695 895 2740 adcuravi,
922 2696 1027 2741 quasi
1052 2697 1246 2742 puerperio
1274 2699 1412 2733 cubem.

78 2766 156 2800 Iam
180 2778 226 2800 ne
252 2767 333 2810 quis
360 2767 397 2801 in
422 2779 465 2802 eo
491 2767 652 2802 offendat
678 2768 774 2812 quod
801 2769 979 2802 adem-avi
1009 2768 1150 2812 induxi,
1190 2781 1271 2803 cum
1304 2781 1411 2805 versu
1443 2769 1587 2803 demum

78 2828 124 2859 20
150 2825 360 2859 ade-uratum
389 2827 518 2869 exstet,
544 2826 640 2860 hunc
666 2826 724 2860 vel
750 2826 796 2860 ob
822 2837 966 2860 versum
986 2830 1030 2861 28
1052 2839 1117 2872 pro
1138 2827 1359 2872 interpolato
1380 2827 1586 2861 habendum

1262 2885 1310 2923 3*
