1688 2978
706 68 992 109 „28-

88 168 168 210 Sed
214 170 529 213 concedendum
571 175 636 213 est
679 173 787 214 tales
833 187 974 214 rerum
1018 173 1286 215 condiciones
1327 172 1379 214 ad
1418 186 1522 227 quas
1562 172 1606 213 hi

89 242 284 294 spectant
311 255 456 283 versus
484 242 615 291 etiam
642 243 684 284 in
710 242 806 284 aliis
828 241 1048 284 Menandri
1068 243 1228 286 fabulis
1249 243 1441 299 potuisse
1462 244 1604 285 locum

89 310 260 352 habere.

206 382 356 436 Neque
382 384 459 425 illa
485 384 724 425 sententiae
751 384 987 431 similitudo
1015 384 1121 426 satis
1148 399 1305 440 magna
1337 388 1403 427 est
1434 386 1486 428 ad
1517 400 1607 440 per-

92 452 374 506 suadendum,
407 468 514 508 quae
547 454 768 495 intercedit
799 454 909 495 inter
941 454 1229 508 fragmentum
1262 454 1478 497 LXXXII:

298 547 360 588 Οὐ
391 548 471 597 γὰρ
503 547 552 588 τὸ
585 549 763 598 πλῆθος,
797 547 849 589 ἂν
882 552 1013 603 (κοπῇ
1046 562 1122 599 τις,
1156 552 1232 590 τοῦ
1265 549 1400 590 πότου

296 620 410 659 ποιεῖ
442 621 673 669 παροινεῖν,
706 621 782 660 τοῦ
815 618 987 660 πιόντο(
1019 618 1056 660 δ’
1079 620 1104 670 ἡ
1137 620 1258 671 <ptime

89 713 132 751 et
162 710 409 752 Truculenti
442 727 588 753 versus
620 712 695 766 IV,
728 713 766 766 3,
799 713 853 754 57
877 728 984 768 sqq:

148 805 247 846 Non
279 806 424 846 vinum
455 806 701 847 hominibus
734 807 945 848 moderari
978 807 1051 848 sed
1089 808 1286 849 homines
1318 808 1417 849 vino
1451 808 1603 861 solent,

149 874 234 924 Qus
270 875 442 930 quidem
482 875 611 930 probi
648 880 764 918 sunt:
808 892 955 918 verum
998 878 1069 932 qui
1110 877 1356 932 inprobust‚
1401 879 1436 920 si
1477 880 1605 920 urnas

939 947 1062 1002 bibit⁷

148 1015 245 1058 Sive
279 1017 383 1058 adeo
417 1019 531 1058 caret
563 1020 741 1070 temeto,
773 1018 919 1058 tamen
952 1019 1005 1058 ab
1037 1018 1212 1072 ingenio
1244 1016 1481 1072 inprobust.

87 1110 223 1159 Quem
262 1111 403 1152 locum
442 1113 490 1152 ut
527 1125 616 1153 non
655 1110 745 1152 sine
784 1111 930 1165 aliqua
966 1110 1155 1152 utilitate
1194 1110 1402 1153 excitasse
1448 1112 1605 1166 videar,

87 1180 217 1221 liceat
256 1181 308 1222 de
349 1182 438 1223 eius
481 1182 780 1223 emendatione
821 1181 968 1235 paucis
1010 1181 1227 1223 disserere.
1289 1181 1354 1222 Ex
1388 1181 1606 1237 Spengelii

89 1250 201 1291 enim
247 1250 433 1293 editione
478 1252 669 1306 exhibui,
713 1252 789 1306 qui
826 1253 863 1293 si
900 1265 1029 1293 urnas
1067 1251 1116 1292 de
1155 1266 1231 1292 suo
1270 1252 1416 1293 intulit
1453 1268 1531 1306 pro
1569 1254 1607 1295 si

86 1334 210 1373 quam
247 1322 300 1372 si,
342 1322 574 1364 hominibus
615 1324 759 1363 autem
800 1324 842 1363 et
881 1321 1063 1363 homines
1103 1321 1147 1362 in
1188 1321 1403 1362 codicibus
1445 1322 1605 1364 omissa

89 1406 184 1445 cum
216 1391 462 1435 Camerario
494 1392 738 1447 Bothioque
778 1392 1004 1446 supplevit.
1067 1390 1147 1433 Sed
1184 1393 1221 1433 si
1250 1405 1380 1433 urnas
1411 1393 1509 1434 bibit
1538 1407 1604 1434 eo-

88 1461 184 1502 dem
215 1463 388 1504 nomine
424 1463 756 1517 improbandum
795 1465 878 1516 est,
922 1477 1005 1516 quo
1038 1461 1222 1503 Acidalii
1253 1462 1359 1502 illud
1391 1477 1416 1502 a
1446 1462 1604 1505 Bothio

89 1534 307 1585 receptum
353 1556 401 1562 -—
441 1533 506 1573 cui
546 1532 629 1586 ipsi
670 1532 782 1574 falso
825 1532 1022 1573 attribuit
1059 1531 1248 1573 Kochius
1286 1531 1397 1572 Ann.
1434 1531 1539 1586 phil.
1575 1535 1605 1575 t.

89 1600 208 1641 CVII
241 1616 281 1654 p.
301 1602 387 1643 420
410 1627 459 1630 —
482 1603 520 1644 si
550 1616 701 1654 aquam
733 1601 831 1642 bibit
860 1601 954 1642 Sive
983 1603 1081 1642 adeo
1110 1604 1233 1643 scatet
1265 1604 1418 1642 temeto:
1450 1615 1604 1654 nempe

86 1671 185 1711 adeo
235 1671 492 1725 particulam
543 1686 627 1726 quo
671 1670 820 1712 tendat
864 1671 924 1712 sic
973 1686 1059 1713 non
1108 1670 1258 1724 habet3
1320 1669 1516 1725 idemque
1560 1671 1603 1712 in

87 1741 340 1796 Kiesslingii
381 1742 668 1783 coniecturam
707 1742 822 1782 cadit
854 1742 880 1782 l.
913 1758 944 1782 s.
977 1757 1007 1782 s.
1040 1757 1079 1796 p.
1112 1742 1197 1782 640
1235 1741 1302 1782 vel
1341 1756 1366 1781 a
1403 1740 1605 1794 prosodia

88 1814 330 1867 suspectam
368 1813 440 1866 qm·
476 1813 657 1866 iprobust
693 1826 839 1866 cupam
876 1814 916 1854 si
950 1812 1056 1854 bibit.
1124 1810 1297 1853 Nemini
1336 1826 1436 1853 vero
1476 1811 1601 1853 satis-

86 1884 299 1924 facturum
332 1898 424 1924 esse
458 1879 622 1924 confido
654 1897 790 1937 neque
823 1884 934 1937 quod
966 1883 1197 1925 Muellerus
1229 1882 1455 1936 proposuit
1486 1883 1604 1924 l.s.s.

86 1968 124 2007 p.
158 1953 244 1994 344
282 1954 320 1994 si
355 1957 412 1995 est
447 1954 554 2006 quod
590 1954 700 1995 bibat
730 1968 867 2008 neque
899 1954 1011 2009 quod
1043 1953 1234 1995 Kochius
1266 1953 1404 1994 voluit
1434 1953 1472 1995 si
1501 1966 1604 1994 com-

86 2024 186 2065 bibit
217 2023 321 2065 satis
354 2026 580 2078 utrumque
612 2024 799 2065 ieiunum
831 2025 1140 2078 infirmumque.
1190 2023 1283 2064 Iam
1315 2038 1412 2064 vero
1445 2038 1495 2064 ex
1525 2024 1606 2065 sive

89 2094 187 2135 adeo
219 2093 443 2147 particulis
482 2095 594 2148 quod
626 2109 702 2149 pro
734 2096 772 2136 si
802 2109 926 2148 quam
956 2096 994 2136 si
1024 2093 1182 2148 requiri
1213 2093 1396 2134 vidimus
1429 2095 1477 2134 ut
1508 2107 1604 2135 con-

87 2178 329 2217 sequamur,
361 2164 500 2205 deleto
533 2165 674 2218 priore
705 2166 742 2206 Si
773 2166 884 2206 male
916 2165 1101 2218 repetito
1134 2164 1201 2205 vel
1233 2178 1283 2205 ex
1310 2163 1605 2218 dittographia

85 2234 183 2287 (ωδε
226 2234 401 2275 voculae
446 2237 541 2276 orto
585 2235 733 2289 procul
778 2234 907 2277 dubio
952 2234 1223 2276 scribendum
1269 2237 1335 2276 est
1372 2237 1532 2288 qudam
1567 2235 1605 2276 si

85 2305 200 2355 bibit,
231 2306 313 2346 sive
344 2306 442 2346 adeo
473 2309 583 2346 earet
613 2309 748 2346 temeto
780 2305 849 2358 (cf.
882 2304 977 2347 Cas.
1008 2304 1068 2358 ΙΙ,
1100 2305 1144 2357 3,
1177 2303 1431 2362 31)-Θεάθῐη
1464 2318 1603 2345 corru-

84 2375 216 2430 ptela,
248 2390 330 2431 qua
363 2375 423 2429 ΙΙ,
456 2375 501 2429 2,
534 2374 590 2416 54
624 2389 673 2416 ex
707 2374 843 2416 ‘uttu'
876 2373 954 2431 (A)
986 2374 1146 2417 factum
1179 2378 1244 2417 est
1273 2375 1432 2430 (s)uum
1463 2371 1555 2430 (ubi
1586 2388 1607 2416 s

87 2446 264 2486 accessit
303 2461 351 2486 ex
383 2446 663 2500 praecedente
694 2445 933 2500 violentus).
1001 2445 1133 2487 Porro
1173 2448 1216 2486 et
1252 2447 1391 2486 metro
1430 2447 1605 2499 cogente

87 2519 130 2557 et
163 2515 388 2557 verborum
422 2515 704 2557 collocatione
738 2515 1061 2557 commendante
1093 2530 1170 2569 pro
1201 2529 1340 2557 verum
1363 2515 1435 2567 qui
1458 2515 1605 2568 impro-

86 2587 176 2627 bust
206 2600 462 2639 reponemus
501 2600 639 2627 verum
677 2587 884 2638 improbus
921 2587 1031 2638 quisi
1060 2586 1248 2639 itemque
1263 2584 1314 2639 ⁵⁴)
1346 2600 1432 2626 non
1464 2586 1603 2627 solum

181 2728 242 2769 54)
268 2726 348 2760 Hae
375 2726 525 2770 quidem
551 2724 776 2759 mutationes
802 2736 913 2768 quam
939 2735 983 2759 ex
1008 2724 1223 2770 vulgaribus
1248 2722 1482 2759 librariorum
1507 2735 1602 2759 erro-

85 2785 185 2820 ribus
212 2796 329 2831 paenc
355 2784 477 2820 nullae
505 2784 589 2827 sint,
616 2782 675 2818 vix
702 2783 920 2818 monendum
949 2784 1013 2818 est.
