1688 2978
686 60 975 100 „16—

70 163 213 204 enim?
256 162 301 205 Si
323 163 477 205 Plauto
510 166 558 205 ut
589 164 694 205 dicit
724 164 797 205 ille
823 165 1064 207 necessario
1091 179 1141 206 ea
1166 165 1432 206 immutanda
1458 167 1590 218 erant,

69 248 177 287 quae
209 235 386 288 propria
418 237 562 275 essent
593 234 675 288 ipsi
707 235 873 275 mediae
905 235 1150 276 comoediae
1182 235 1345 290 generi,
1383 250 1465 290 quo
1496 237 1590 276 tan—

70 304 165 345 dem
204 304 329 346 initio
369 319 420 349 ac
456 304 735 347 fundamento
773 306 873 347 talis
912 306 1129 347 sententia
1162 306 1398 348 constituta
1430 308 1496 347 est
1509 303 1590 360 ³²)‘?

70 373 266 417 Certiora
309 375 353 417 in
397 375 477 418 hac
520 390 564 417 re
607 391 717 418 unus
761 375 874 431 quod
912 376 1043 418 sciam
1081 374 1296 418 Gustavus
1336 375 1590 419 Schmitzius

69 448 258 487 statuere
301 461 430 488 ausus
472 450 537 488 est
577 447 621 488 in
663 447 963 489 dissertatione
1005 446 1077 488 ‘de
1119 450 1293 488 actuum
1336 448 1380 488 in
1412 446 1475 488 Pl.
1506 447 1590 489 fab.

69 516 285 571 descript.'
324 516 497 558 Bonnae
525 517 587 558 ed.
611 517 734 559 1852.
792 517 874 567 Qui
907 532 1002 558 cum
1034 517 1174 571 ipsam
1206 516 1429 559 Menandri
1456 518 1591 559 Θαΐδα

69 587 235 628 fontem
267 602 360 627 esse
393 590 588 641 poneret,
631 588 776 629 nescio
815 603 868 629 an
908 588 1106 642 cuiquam
1139 602 1286 629 eorum
1318 588 1591 642 persuaserit,

71 658 143 711 qui
182 671 277 697 eum
317 671 365 697 eo
407 657 508 697 olim
547 657 820 710 disputarunt
834 656 905 712 33)3
951 657 1013 698 eis
1046 672 1153 712 quae
1185 658 1230 698 in
1261 659 1356 712 ipsa
1387 657 1588 699 disserta-

69 728 187 769 tione
219 741 258 780 p.
291 727 344 767 27
379 727 578 781 protulit,
616 741 764 768 vereor
795 729 843 768 ut
875 741 965 768 rem
998 727 1204 781 probarit.
1267 728 1347 777 Qui
1380 727 1493 781 quod
1524 742 1589 768 ar-

70 797 263 851 gumenti
297 796 624 838 similitudinem
656 798 866 851 excitavit,
898 813 1045 839 verum
1078 800 1144 839 est
1168 798 1211 839 in
1237 801 1416 853 utraque
1441 797 1591 838 fabula

70 868 389 910 meretriculam
415 867 641 922 introduci,
662 884 769 923 quae
797 868 907 910 ‘cum
933 867 1129 910 homines
1156 869 1265 910 mira
1291 883 1374 923 qua
1399 867 1590 922 pollebat

71 939 442 993 blandiloquentia
480 939 533 979 ad
572 954 616 979 se
655 939 891 992 allexisset,
933 939 1148 980 neminem
1187 942 1334 980 tamen
1371 937 1588 979 constanti

70 1024 216 1050 amore
248 1012 589 1063 prosequeretur,
622 1010 694 1050 sed
720 1010 825 1050 illud
852 1009 971 1050 unice
999 1012 1225 1063 spectaret,
1256 1012 1304 1050 ut
1335 1024 1442 1063 quos
1475 1008 1589 1049 calli-

70 1079 260 1120 dissimis
292 1078 516 1119 fraudibus
550 1081 592 1119 et
624 1079 862 1120 venustatis
894 1079 1104 1130 illecebris
1128 1079 1380 1131 ·irretiisset,
1408 1078 1590 1132 pecunia

71 1150 322 1203 emungeret
354 1151 396 1188 et
428 1151 647 1189 emunctos
681 1148 941 1189 excluderet'
973 1146 1195 1203 (Meinekii
1228 1151 1325 1189 sunt
1355 1146 1521 1203 verba):

282 1221 493 1269 θραεεῑαν,
525 1218 687 1270 ὡραίαν
719 1220 765 1259 δὲ
798 1220 865 1259 καὶ
897 1221 1078 1270 πιθανὴν
1110 1218 1204 1269 ἅμα,

281 1288 507 1330 ἀδικοῡεαν
539 1288 859 1339 ἀποκλείουεαν,
892 1289 1091 1330 αἰτοῦεαν
1123 1288 1270 1340 πυκνά,

282 1360 462 1409 μηδενὸς
495 1360 672 1408 ἐρῶεαν,
705 1360 1072 1409 προσποιουμένην
1105 1359 1141 1399 δ’
1172 1359 1246 1400 ἀεί.

71 1428 151 1471 Sed
186 1429 229 1470 in
262 1428 425 1470 Thaide
458 1429 600 1483 plures
633 1429 762 1469 etiam
795 1428 900 1469 varii
935 1428 1102 1482 generis
1135 1431 1347 1469 amatores
1380 1427 1588 1482 prodiisse

70 1515 198 1554 quam
242 1500 287 1540 in
331 1499 590 1540 Truculento
636 1499 970 1539 concludendum
1021 1501 1086 1539 est
1129 1513 1177 1539 ex
1222 1499 1435 1552 Propertii
1484 1499 1589 1552 loco,

70 1586 195 1625 quem
233 1573 373 1611 totum
412 1584 462 1610 ex
494 1569 717 1610 Menandri
756 1568 902 1610 fabula
940 1583 1184 1623 expressum
1224 1584 1313 1610 esse
1352 1569 1587 1610 Meinekius

72 1642 261 1694 agnovit,
294 1639 332 1680 V
366 1637 479 1694 (IV),
512 1640 552 1691 5,
583 1640 639 1678 42
661 1637 800 1692 sq.3¹):

281 1709 371 1751 Nec
402 1712 444 1750 te
477 1709 651 1750 Medeae
684 1708 895 1750 delectent
926 1709 1084 1763 probra
1117 1710 1310 1764 sequacis

283 1780 518 1833 -—Ne111pe
550 1779 652 1820 tulit
682 1778 834 1830 fastus,
865 1793 971 1819 ausa
1002 1793 1155 1833 rogare
1188 1779 1370 1832 prior—-

283 1849 364 1890 Sed
397 1849 538 1907 potius
572 1848 719 1888 mundi
751 1848 880 1889 Thais
913 1849 1105 1902 pretiosa
1136 1847 1371 1901 Menandri,

352 1918 460 1961 Cum
491 1919 593 1960 ferit
625 1921 790 1960 astutos
824 1919 985 1960 comica
1018 1918 1196 1959 moecha
1228 1916 1430 1973 Getas35').

98 2010 352 2013 rjfi—rss
553 1998 571 2019 ι

163 2051 221 2092 32)
249 2049 344 2083 Nam
365 2047 463 2091 quod
481 2046 697 2081 ‘Strabacis'
715 2057 848 2080 nomen
867 2048 1017 2090 poetam
1036 2057 1208 2090 graecum
1228 2045 1382 2080 fortasse
1404 2046 1450 2080 ob
1471 2045 1586 2079 filium

69 2108 255 2151 quendam
287 2107 365 2142 eius
397 2105 572 2140 indidisse
598 2106 724 2149 putat,
762 2115 871 2148 quem
897 2104 1081 2148 Iphicrate
1106 2104 1256 2139 iubente
1282 2103 1525 2138 Athenienses
1549 2104 1587 2138 in

68 2166 260 2200 civitatem
286 2165 537 2207 adsciverunt,
570 2163 662 2197 nihil
689 2162 852 2207 apertius
878 2173 955 2196 esse
981 2164 1104 2205 potest
1129 2173 1240 2205 quain
1266 2162 1312 2195 ad
1339 2162 1587 2195 denotandam

68 2224 276 2267 squalidam
303 2222 565 2265 horridamque
591 2221 766 2255 amatoris
791 2221 946 2265 figuram
973 2231 1104 2254 nomen
1130 2219 1222 2254 illud
1248 2220 1439 2264 respicere.

162 2285 220 2324 33)
248 2282 355 2315 Thes.
382 2281 467 2315 adn.
494 2279 635 2313 dissert.
663 2279 711 2313 II:
748 2278 893 2312 ‘Plauti
919 2278 1162 2312 Truculentus
1187 2289 1359 2322 expressa
1385 2280 1441 2312 est
1468 2289 1486 2312 e
1512 2278 1586 2312 Me-

66 2340 198 2375 nandri
225 2340 329 2374 Θαῑδί
356 2339 491 2384 [siclj'.

163 2401 220 2443 34)
248 2398 300 2432 Cf.
326 2398 374 2432 id.
402 2398 447 2441 ΙΙ,
475 2402 506 2441 6,
533 2401 552 2430 3
576 2408 646 2440 sq:

353 2468 478 2502 Turba
502 2467 748 2501 Menandreae
773 2466 895 2501 fuerat
919 2478 985 2501 nec
1013 2466 1174 2501 Thaidos
1199 2466 1287 2501 olim

399 2526 537 2568 Tanta,
564 2525 601 2558 in
630 2535 703 2568 qua
728 2525 886 2569 populus
913 2524 1002 2558 lusit
1026 2524 1296 2558 Erichthonius.

149 2599 221 2640 Ἴ35)
256 2596 339 2630 Non
372 2591 538 2641 prdfecto
572 2596 770 2630 miraturus
797 2607 913 2630 essem
939 2595 1054 2639 siquis
1080 2594 1405 2630 contaminationis
1430 2596 1588 2628 sectator

68 2667 110 2689 ex
144 2655 214 2688 hoc
247 2654 328 2688 loco
361 2653 541 2687 Thaidem
574 2653 781 2687 adhibitam
813 2664 891 2688 esse
931 2653 1165 2687 concluderet
1196 2654 1233 2687 et
1264 2652 1586 2686 contaminationis

67 2712 266 2758 vestigium
303 2711 523 2746 remansisse
559 2711 595 2745 in
631 2722 735 2745 versu
772 2711 836 2745 illo
872 2711 923 2754 ΙΙ,
951 2715 982 2755 7,
1008 2715 1052 2745 23
1085 2711 1205 2755 qualis
1237 2712 1322 2746 ante
1349 2709 1586 2755 Spengelium

67 2770 413 2806 circumferebatur:
