1688 2978
702 49 985 90 ..46-

292 152 364 204 Ε1,
397 152 529 193 Persa
560 167 627 193 me
660 157 831 206 pessum
865 154 981 194 dedit

79 249 175 275 cum
202 232 393 288 Scaliger
419 236 467 275 ut
494 233 712 286 ‘Sassina',
746 234 934 276 ‘Assum’
960 249 1038 288 pro
1066 234 1284 289 ‘Sarsina'‚
1317 234 1506 276 ‘Arsum'
1539 235 1600 276 ita

79 302 241 344 ‘Pessa'
270 303 431 345 dictum
456 305 658 359 voluerit,
685 306 797 345 recte
823 304 1066 345 iudicarunt
1090 305 1284 346 homines
1311 305 1423 346 docti
1450 305 1493 345 in
1519 304 1600 346 hoc

79 374 252 414 nomine
284 374 326 414 id
359 374 461 415 ferri
493 390 580 416 non
611 389 755 429 posse3
788 389 970 427 reponas
1002 375 1153 428 igitur:

292 467 366 519 Ei,
398 467 528 508 Persa
560 482 627 508 me
659 470 832 521 persum
864 467 981 507 dedit

82 560 134 601 cf.
166 561 266 601 ibid.
300 576 336 602 v.
366 561 469 601 783:
504 560 584 611 Qui
614 561 733 601 illum
758 560 946 601 Persam
978 564 1096 612 atque
1127 562 1260 602 omnis
1285 561 1454 602 Persas
1484 564 1603 613 atque

83 632 206 672 etiam
238 632 371 672 omnis
393 644 611 682 personas
636 631 752 671 DIale
782 631 826 672 di
857 644 992 672 omnes
1015 632 1221 683 perdant.
1277 632 1418 685 Atque
1450 631 1597 672 eadem

77 699 218 741 forma
249 701 392 742 nescio
425 715 479 741 an
512 700 719 742 Pacuvius
754 715 856 741 usus
891 701 947 741 sit
979 716 1015 742 v.
1042 701 1129 742 320
1160 701 1303 742 Ribb.:

293 794 464 835 Periere
496 794 654 848 Danai,
690 795 809 848 ple'ra
841 810 939 849 pars
972 798 1143 849 persrim
1176 795 1330 836 datast.

79 886 162 929 Sed
195 891 242 929 ut
273 888 384 930 hanc
417 889 672 943 scripturam
707 890 812 930 satis
845 889 1106 931 confidenter
1143 889 1396 943 amplector,
1436 888 1600 929 minore

81 974 176 1000 eum
221 960 484 1001 confidentia
527 961 826 1001 commendare
871 961 1023 1013 audeo,
1073 960 1186 1013 quod
1232 960 1335 1000 item
1375 959 1599 1000 verborum

78 1029 244 1070 lusibus
271 1029 489 1071 nonnullis
515 1029 724 1071 inservire
750 1044 875 1083 posse
902 1029 1114 1082 videatur,
1145 1032 1336 1071 scurtum
1368 1029 1422 1070 ab
1455 1028 1543 1070 cod.
1564 1027 1600 1068 B

81 1102 296 1140 servatum
323 1098 476 1140 Bacch.
505 1114 540 1140 v.
567 1100 691 1140 1189.
734 1098 846 1140 Nam
878 1099 983 1140 haec
1011 1099 1167 1140 vocalis
1200 1100 1323 1154 quasi
1355 1099 1600 1140 obscuratio

77 1169 184 1210 bene
219 1184 313 1210 cum
347 1169 444 1210 aliis
476 1169 899 1223 pronuntiationibus
932 1169 1185 1210 conveniens
1218 1169 1361 1210 nescio
1400 1183 1453 1209 an
1495 1168 1600 1209 infe-

77 1239 210 1280 renda
249 1240 306 1280 sit
344 1243 386 1281 et
417 1239 572 1295 Bacch.
605 1255 641 1281 v.
670 1241 724 1299 72
761 1243 941 1281 seurtum
972 1253 1050 1293 pro
1081 1243 1190 1281 scuto
1229 1240 1388 1281 accubet
1418 1241 1460 1280 et
1491 1238 1601 1279 Men.

81 1325 115 1351 v.
147 1311 229 1350 170
258 1310 439 1363 ficrtum,
469 1313 668 1363 seuram,
695 1311 932 1362 mamiliam.

198 1380 289 1421 Iam
323 1381 392 1422 vix
426 1380 575 1422 dubito
609 1381 658 1421 de
679 1380 793 1422 Trin.
816 1396 853 1422 v.
880 1381 990 1421 1022
1018 1380 1326 1422 emendatione.
1370 1379 1462 1422 Hoc
1489 1381 1600 1422 enim

78 1451 171 1491 1000
213 1464 306 1491 011111
349 1450 399 1491 Α.
439 1449 708 1505 Spengelius,
752 1451 833 1491 etsi
885 1465 1013 1504 quam
1064 1451 1199 1491 suasit
1247 1450 1432 1492 formam
1480 1451 1600 1491 oculi-

76 1522 279 1573 strepidae
308 1536 396 1562 11011
429 1524 493 1561 est
525 1521 637 1574 quod
670 1522 825 1561 iterum
851 1520 1034 1561 refutem
1061 1521 1130 1574 (cf.
1150 1520 1283 1562 Nunt.
1303 1521 1385 1561 litt.
1408 1519 1601 1574 Gotting.

78 1606 113 1632 a.
156 1592 268 1632 1875
312 1607 351 1645 p.
394 1589 543 1646 1052),
600 1593 743 1631 tamen
799 1605 874 1631 suo
931 1590 1021 1631 iure
1063 1590 1285 1644 negaverit
1326 1590 1430 1632 duas
1475 1605 1598 1632 voces

76 1708 175 1741 nieht
211 1708 251 1741 in
282 1708 350 1741 den
382 1707 470 1741 Text
502 1708 629 1741 nimmt
660 1727 706 1731 —
737 1707 795 1740 (lie
823 1706 1025 1750 Ilypothese
1055 1716 1125 1740 ron
1159 1706 1198 1740 ().
1220 1706 1376 1740 Ribbeck
1402 1717 1441 1750 p.
1469 1711 1491 1740 0·
1518 1707 1600 1751 (vyl.

78 1767 287 1811 Savelsberg]
310 1767 409 1800 Μαε.
431 1766 457 1808 f.
481 1766 549 1801 Ph.
574 1765 763 1806 XXVII,
785 1768 871 1805 131‚·
893 1767 991 1809 640),
1017 1765 1101 1799 dass
1126 1775 1160 1799 es
1185 1765 1261 1799 eine
1287 1766 1357 1799 alte
1377 1765 1600 1809 ›superlativ-

78 1825 231 1869 bilcluriy
256 1825 335 1869 z'st’]
364 1823 457 1858 mihi
482 1824 588 1858 unice
615 1823 794 1867 probatur
819 1823 917 1867 quod
944 1834 1025 1857 cum
1051 1822 1195 1857 Pottius
1222 1843 1264 1847 —
1291 1823 1369 1867 ipse
1399 1823 1537 1867 primus
1563 1823 1600 1856 111

77 1884 188 1918 fallor
213 1882 470 1932 originationis
495 1884 624 1917 auctor
645 1903 685 1906 ——
708 1881 915 1925 reliquerit,
937 1881 1134 1916 Corssenus
1155 1881 1321 1916 defendit
1340 1882 1470 1925 (‘Krit.
1485 1883 1599 1918 Beitr.

77 1953 106 1975 ε.
134 1942 195 1976 lat.
223 1941 422 1975 Formenl.’
451 1945 582 1985 p.169)
616 1939 839 1974 assentiente
873 1939 999 1974 Curtio
1031 1940 1172 1984 (Greia.
1198 1952 1251 1985 qr.
1278 1941 1342 1975 E.’
1371 1953 1405 1985 p.
1422 1943 1503 1983 257)
1539 1941 1601 1975 ad-

79 1999 246 2034 verbium
280 2010 359 2033 csse
391 1998 565 2033 adiectivi
601 1999 737 2041 firmus.
790 1998 895 2040 Quod
928 2009 1010 2032 cum
1043 2009 1084 2033 eo
1120 1999 1195 2033 veri
1235 1999 1354 2033 simile
1392 2001 1464 2042 est,
1502 1999 1601 2042 quod

79 2058 301 2102 significatio
328 2057 534 2103 particulae
561 2058 707 2102 postero
733 2059 899 2102 tempore
920 2057 1140 2092 minuendae
1165 2058 1241 2092 fere
1262 2057 1467 2092 sententiae
1486 2057 1599 2091 inser-

79 2117 212 2151 vientis
238 2118 348 2150 antea
373 2116 616 2151 confirmabat
649 2116 708 2161 [cf.
731 2116 830 2150 Trin.
857 2128 890 2150 v.
914 2120 992 2160 731,
1019 2116 1099 2150 Ter.
1121 2116 1207 2151 Hec.
1234 2128 1267 2151 v.
1289 2120 1367 2160 312,
1394 2117 1460 2158 al.;
1486 2116 1599 2161 aptis-

79 2175 170 2209 sime
197 2175 270 2209 iam
292 2174 490 2210 Corssenus
513 2174 668 2208 eandem
694 2174 875 2208 rationem
904 2174 1006 2217 ‘fast'
1035 2173 1200 2209 adverbii
1226 2174 1427 2218 germanici
1452 2184 1599 2217 compa-

79 2234 192 2277 ravit]
218 2235 298 2267 tum
318 2233 499 2267 librorum
518 2233 697 2267 memoria
716 2233 972 2267 corroboratur
991 2233 1090 2269 Trin.
1112 2247 1143 2268 v.
1165 2237 1232 2267 335
1259 2233 1401 2277 Edepol
1424 2233 1599 2267 hominem

78 2291 330 2335 praedicatum
355 2291 464 2333 ferme
483 2293 515 2324 et
540 2292 585 2334 (et
605 2301 676 2325 om.
693 2291 784 2334 Pal.)
811 2291 1057 2333 familiariter,
1080 2291 1143 2325 ubi
1166 2292 1266 2334 firme
1284 2291 1490 2332 mutarunt,
1517 2301 1599 2324 cum

83 2352 213 2384 contra
238 2350 336 2385 Pers.
364 2363 397 2385 v.
419 2354 483 2384 451
514 2350 631 2394 Atque
656 2350 777 2393 edepol
801 2349 901 2392 firme
930 2352 971 2383 ut
996 2350 1144 2394 quisque
1170 2362 1253 2384 cum
1279 2348 1466 2394 Scaligero
1490 2348 1600 2392 ferme

80 2410 310 2452 reponerent.
353 2408 474 2450 Quare
493 2409 602 2452 ferme
622 2409 659 2442 et
678 2408 778 2451 firme
802 2407 900 2442 idem
926 2409 1048 2443 valere
1074 2409 1164 2444 satis
1189 2410 1288 2443 certo
1314 2407 1384 2443 tibi
1409 2417 1599 2452 persuase-

80 2467 147 2509 ris,
187 2478 269 2500 cum
301 2467 518 2511 praesertim
549 2467 644 2501 tales
676 2467 776 2500 locos
809 2466 906 2501 inter
936 2478 973 2501 se
1006 2467 1291 2512 comparaveris,
1332 2468 1374 2501 ut
1398 2467 1479 2501 Ter.
1506 2466 1599 2500 And.

80 2538 113 2561 v.
139 2529 209 2559 460
240 2525 417 2567 fidelem
453 2527 573 2560 haud
609 2526 744 2568 ferme
775 2525 919 2559 mulieri
943 2526 1109 2560 invenias
1132 2526 1251 2560 virum
1283 2536 1365 2559 011111
1397 2524 1474 2560 Μ11.
1506 2524 1598 2568 glor.

78 2596 112 2618 v.
135 2588 226 2617 1015
252 2584 384 2626 infidos
409 2585 518 2627 celas,
552 2595 614 2628 eqo
639 2595 716 2617 sum
744 2584 812 2618 tibi
835 2584 965 2626 firme
990 2584 1125 2626 fidus,
1176 2584 1346 2618 Ceterum
1372 2585 1414 2616 ut
1439 2582 1545 2617 Truc.
1572 2583 1599 2626 Ι,

84 2647 112 2684 1,
136 2645 177 2675 15
198 2652 347 2685 persam
372 2643 426 2676 ita
450 2643 494 2686 ΙΙ,
516 2646 548 2685 2,
573 2647 586 2676 1
618 2653 660 2676 ex
687 2641 865 2676 Palatinis
892 2653 983 2675 unus
1010 2642 1035 2675 C
1064 2653 1145 2675 cum
1172 2642 1203 2674 A
1225 2644 1413 2685 propterve
1440 2640 1602 2674 servavit

79 2699 139 2743 (ef.
160 2711 195 2743 p.
217 2704 236 2732 3
258 2699 343 2734 adn.
364 2701 410 2743 6),
437 2699 482 2733 de
508 2710 582 2743 qua
606 2699 725 2733 forma
750 2699 878 2734 videas
905 2699 945 2733 G.
969 2699 1156 2733 Loewium
1182 2699 1262 2734 Act.
1290 2710 1361 2733 soc.
1388 2698 1478 2742 phil.
1499 2698 1598 2743 Lips.

79 2759 105 2791 t.
128 2757 160 2790 ΙΙ
188 2769 222 2801 p.
246 2761 325 2791 468.
