1688 2978
695 105 982 147 ...19-

83 213 226 264 partes
262 210 395 250 fuisse
433 209 477 250 in
509 209 720 264 Εικυωνίῳ
758 224 809 252 ex
840 223 964 251 versu
996 207 1214 262 colligitur
1245 207 1357 261 apud
1389 206 1592 247 Photium

82 294 120 320 v.
152 278 429 330 (τρατοφάνη
475 281 656 321 servato.
724 278 848 321 Hanc
890 279 1078 322 nominis
1122 277 1465 320 communionem
1507 276 1592 317 iam

83 349 157 390 alii
198 348 589 389 animadverterunt
628 349 737 390 nihil
777 351 923 390 tamen
962 349 1058 390 inde
1100 348 1341 389 efficientes.
1403 346 1460 387 At
1500 346 1593 399 ipse

81 432 227 460 versus
266 418 339 459 ubi
376 433 532 460 nomen
563 421 714 474 exstat,
745 419 824 461 etsi
856 410 1082 473 corruptus
1116 420 1192 472 est,
1224 416 1389 458 animos
1421 418 1593 457 nostros

83 488 268 530 excitare
300 488 443 541 debet:

170 559 464 611 (τρατοφάνη,
498 559 614 602 λιτόν
645 559 741 602 ποτ’
772 559 882 612 εἶχε(
914 560 1146 618 χλαμύδιον
1178 559 1244 601 καὶ
1276 560 1474 600 πελαενα.

81 628 144 670 Ac
180 630 367 684 primum
405 629 572 684 quidem
610 630 758 671 statim
795 631 837 671 in
876 632 1063 671 mentem
1095 629 1214 671 venit
1244 643 1333 670 non
1365 628 1591 682 paenulam

82 701 270 754 quidem,
301 701 544 752 χλαμύδιον,
577 700 649 741 sed
679 701 904 755 pallulam,
936 701 1164 751 χλανίδιον,
1198 699 1327 741 etiam
1358 699 1403 740 in
1435 698 1592 739 Trucu-

80 770 196 812 lento
231 768 563 825 Stratophanem
595 769 745 811 afferre
775 768 830 825 II,
861 770 900 824 6,
931 769 988 811 55
1009 784 1115 825 sqq.:

142 851 239 892 Mea
270 852 489 906 voluptas,
521 852 648 893 attuli
681 866 822 892 eccam
853 852 1063 905 pallulam
1094 866 1144 891 ex
1175 851 1368 905 Phrygia
1399 851 1492 891 tibi.

138 921 253 964 Tene
290 922 384 964 tibi.
444 922 553 964 Phr.
599 921 738 964 Hocin
770 921 877 964 mihi
908 922 963 963 ὀὶ)
995 922 1165 964 labores
1193 919 1341 963 'tantos
1373 921 1591 962 tantillum

926 992 1033 1033 dari!

80 1061 199 1104 Haec
242 1064 385 1103 autem
429 1062 637 1104 vocabula
681 1062 850 1117 saepius
894 1062 1008 1104 inter
1051 1077 1096 1104 se
1139 1062 1318 1105 confusa
1365 1062 1446 1104 hoc
1498 1062 1589 1104 loco

78 1134 253 1187 propter
283 1131 618 1184 Ετρατοφάνηε
648 1146 805 1174 nomen
835 1132 1024 1187 proclive
1057 1137 1150 1175 erat
1180 1134 1431 1188 permutari:
1476 1133 1592 1174 velut

80 1203 191 1256 apud
222 1202 529 1257 Alciphronem
560 1202 698 1256 Epist.
718 1202 751 1256 I,
770 1203 838 1257 38,
859 1204 884 1245 8
916 1203 1098 1245 Vindob,
1124 1205 1163 1245 A
1196 1203 1413 1254 χλανίδιον
1445 1203 1592 1244 intulit

79 1286 157 1326 pro
191 1273 432 1324 χλαμύδιον,
477 1272 577 1328 quia
615 1273 659 1313 in
692 1273 837 1314 eadem
870 1273 1053 1327 epistula
1083 1273 1297 1328 praeeedit
1329 1273 1590 1324 χλανίδιον

79 1340 159 1396 (sic
196 1342 433 1384 Meinekius
471 1358 520 1384 ex
561 1343 684 1397 Flor.,
726 1344 856 1384 ceteri
894 1343 1150 1398 χλανίεκιον)
1188 1344 1243 1385 τὸ
1283 1344 1423 1384 λιτὸν
1462 1346 1589 1385 τοῦτο

80 1413 148 1454 καὶ
180 1414 414 1465 δημοτικόν.
475 1412 698 1455 Menandri
736 1416 879 1455 autem
916 1414 1010 1456 loco
1051 1429 1178 1468 quam
1215 1414 1322 1455 bene
1354 1413 1471 1455 λιτὸν
1503 1414 1590 1467 epi·

79 1482 233 1524 theton
276 1483 423 1524 eadem
467 1484 632 1525 ratione
677 1498 773 1524 cum
817 1483 1034 1534 χλανίδιον
1078 1484 1350 1524 coniunctum
1393 1483 1589 1524 vilissimi

78 1553 263 1594 muneris
308 1556 601 1607 contemptum
644 1553 950 1607 fastidiumque
995 1553 1235 1607 significare
1276 1554 1414 1607 possit
1451 1554 1589 1607 quivis

79 1623 205 1665 facile
238 1624 403 1666 sentiet.
459 1624 550 1669 Iam
584 1624 628 1664 in
660 1637 806 1664 versus
838 1623 921 1664 fine
953 1622 989 1664 si
1021 1625 1134 1664 recte
1165 1622 1354 1677 Toupius
1387 1622 1501 1665 παῖδ’
1515 1624 1589 1665 ἕνα

79 1695 271 1736 restituit
295 1719 342 1724 —
368 1698 410 1735 et
441 1694 678 1748 speciosam
711 1707 812 1734 sane
844 1694 1130 1735 coniecturam
1163 1694 1457 1748 approbarunt
1487 1690 1590 1734 Mei-

78 1764 227 1805 nekius
260 1766 387 1817 atque
413 1762 608 1805 Naberus
640 1763 750 1804 falso
771 1763 962 1805 Porsono
995 1777 1089 1804 eam
1120 1764 1312 1805 tribuens
1326 1763 1378 1818 ⁴⁰)
1403 1789 1452 1793 —
1476 1764 1589 1818 apud

79 1938 211 1973 saltem
246 1948 339 1981 quae
373 1936 563 1982 proposita
596 1938 719 1971 essent
756 1936 913 1970 maxime
952 1938 1236 1972 consentaneum
1275 1947 1354 1971 esse
1391 1937 1588 1981 videretur,

81 1996 243 2041 Buggius
268 1996 292 2030 l.
320 2008 346 2030 s.
373 2009 398 2031 s.
425 2008 460 2040 p.
486 2000 566 2039 410,
592 1996 790 2031 concedere
816 1995 964 2029 coactus
990 1997 1056 2038 est,
1082 2007 1111 2029 Sl
1137 2006 1258 2030 seeum
1284 1995 1524 2030 scriberemus

127 2071 175 2112 Et
200 2077 349 2113 Homeri
374 2077 529 2113 Iliadam
549 2066 748 2122 (ffiliadam
768 2077 1036 2121 Fleckeisemts)
1063 2078 1101 2111 et
1126 2079 1210 2122 post
1234 2077 1300 2112 illa
1324 2077 1426 2112 mille
1452 2090 1499 2111 m.
1520 2090 1555 2123 p.

79 2159 150 2182 non
177 2149 266 2183 satis
292 2151 502 2184 accuratam
522 2148 673 2184 Homeri
692 2148 906 2183 memoriam
927 2159 1015 2184 esse.
1055 2147 1174 2190 Quare
1194 2160 1277 2183 cum
1297 2148 1439 2192 aliquid
1464 2150 1588 2183 tamen

77 2207 295 2241 mutandum
321 2207 378 2250 sit,
405 2207 493 2251 quid
519 2208 669 2243 tandem
694 2207 761 2242 illa
784 2208 889 2243 tanta
915 2218 996 2241 cum
1022 2207 1199 2252 religione
1226 2208 1476 2242 conservanda
1494 2209 1589 2250 sunt,

77 2275 172 2309 guae
204 2275 275 2299 non
307 2266 514 2310 quadrant?
564 2267 660 2301 Nam
693 2266 861 2311 equidem
893 2277 974 2301 meo
1006 2265 1096 2300 mihi
1122 2266 1199 2300 iure
1225 2278 1268 2301 ex
1294 2267 1331 2300 th
1353 2294 1359 2301 .
1384 2293 1391 2300 .
1414 2294 1420 2300 .
1443 2266 1588 2300 om’clam

80 2323 215 2357 litteris
249 2324 466 2359 concludere
500 2325 628 2360 videor
660 2337 734 2360 non
765 2325 878 2360 alium
909 2326 977 2359 hoc
1008 2325 1090 2359 loco
1121 2325 1302 2359 exstitisse
1335 2325 1491 2359 militem
1518 2324 1589 2358 nisi

77 2381 140 2426 qui
171 2382 363 2417 ἀλαζόνων
394 2382 564 2429 princeps
597 2385 635 2419 et
659 2384 921 2429 antesignanus
951 2383 1073 2428 ipsum
1104 2393 1236 2417 nomen
1268 2382 1353 2417 huic
1386 2393 1503 2417 novae
1529 2392 1589 2416 co-

77 2440 243 2475 moediae
285 2452 462 2484 personae
506 2442 703 2478 stabilivit:
750 2442 1015 2478 Thrasonidam
1058 2453 1101 2476 ex
1143 2441 1336 2477 Menandri
1373 2441 1587 2476 Misumeno.

78 2498 187 2532 Cuius
213 2498 478 2544 Stratophanes
500 2499 674 2535 ‘amicam
693 2500 830 2536 visens’
853 2499 1043 2545 aptissime
1063 2500 1242 2543 meminit,
1269 2499 1358 2544 quia
1382 2499 1446 2533 ille
1472 2510 1588 2533 vanae

76 2557 285 2593 iactationis
321 2557 625 2603 gloriationisque
662 2560 796 2595 iterum
830 2559 1037 2603 iterumque
1071 2559 1290 2593 ‘convictus'
1325 2558 1503 2593 acerrimo
1542 2558 1588 2592 ab

77 2616 196 2651 amica
233 2616 324 2651 odio-
352 2611 509 2662 i‘psaque
547 2619 755 2653 exclusione
795 2618 1099 2653 ‘condemnatus’
1140 2619 1235 2660 erat,
1275 2617 1373 2661 quod
1409 2613 1522 2661 eaput
1552 2618 1589 2650 et

77 2686 260 2710 summam
284 2675 432 2712 fabulae
458 2676 769 2713 celebratissimae
795 2676 906 2712 fuisse
931 2676 1074 2712 scimus.
1126 2677 1253 2721 ltaque
1280 2675 1529 2711 scribendum:

288 2739 336 2781 Et
360 2747 627 2782 Thrasonidam
652 2749 691 2782 et
714 2748 867 2792 postilla
891 2748 993 2782 mille
1018 2735 1214 2782 memorari
1239 2747 1346 2792 potis

170 2819 228 2863 40)
262 2817 333 2853 Sed
365 2817 521 2864 cogitari
552 2818 685 2854 saltem
716 2818 827 2867 e‘tiam
861 2817 935 2853 alia
966 2820 1136 2863 possunt,
1174 2818 1277 2853 velut
1307 2817 1458 2860 νάρδινα
1491 2826 1586 2860 quae

1259 2877 1306 2911 2*
