1688 2978
704 114 991 154 -21—

88 218 320 272 proferam:
364 217 690 271 inscriptionem
728 217 950 272 utriusque
986 217 1160 259 fabulae
1199 218 1394 258 accurate
1426 216 1509 257 sibi
1540 231 1601 257 re-

90 288 308 343 spondere.
370 287 491 337 Quod
530 290 673 330 autem
705 287 953 343 Sicyonium
991 289 1103 330 idem
1134 288 1360 343 designare
1392 287 1601 329 contendo

90 374 139 400 ac
170 357 473 399 Truculentum
510 358 669 400 nemini
714 359 1028 401 subabsurdum
1066 373 1159 401 esse
1197 358 1410 400 videbitur
1448 358 1519 413 qui
1557 358 1601 399 in

89 428 341 470 memoriam
366 428 578 470 revocarit
596 443 751 470 nomen
783 428 890 470 illud
921 429 967 470 in
991 429 1263 483 proverbium
1290 428 1458 469 abiisse.
1506 427 1600 469 Hoc

89 496 241 539 Suidas
274 498 421 552 attigit
453 514 484 540 s.
516 513 552 539 v.
585 501 627 539 et
657 499 869 540 Macarius
902 499 1089 553 explicat
1120 498 1222 552 VII,
1254 499 1328 540 62:
1378 498 1600 540 (ικυώνιος

88 568 298 610 ἐπαπέδυ·
339 568 408 610 ἐπὶ
444 570 530 610 τῶν
568 569 822 620 τολμηρὸν
859 569 935 620 μέν
972 583 1009 610 τι
1054 569 1306 620 ποιούντων,
1351 569 1504 611 οὐδὲν
1548 568 1599 609 δὲ

87 637 351 679 ἀνυόντων
372 662 426 667 -—
455 653 549 680 ecce
581 639 714 680 habes
747 639 1052 680 Truculentum
1084 641 1278 680 nostrum
1292 638 1345 693 4³)
1378 639 1599 693 ‘perpetuo

88 706 423 749 commutatum?
483 708 603 749 Idem
653 723 750 750 vero
801 709 1042 764 significare
1094 709 1274 750 alterum
1323 708 1599 763 proverbium

86 776 299 819 Macarius
332 777 437 831 VII,
469 778 524 819 63
561 778 709 819 tradit:
759 778 981 820 (ικυώνιος
1013 778 1233 829 δραπέτης,
1265 777 1338 818 ubi
1370 792 1467 818 cum
1498 780 1598 828 δρα-

86 849 213 899 πέτης
234 848 286 889 ad
306 863 473 889 servum
494 851 709 903 provocet,
734 848 1088 903 Harpocrationis
1114 848 1409 889 testimonium
1437 848 1599 890 accedit

86 917 138 959 ad
170 917 391 959 Menandri
425 917 673 973 Sicyonium
705 920 903 973 spectans
935 933 975 973 p.
1010 918 1110 975 143:
1143 918 1166 959 ὁ
1199 918 1400 960 πολλάκις
1434 919 1596 973 ἑμπολῇ

85 990 446 1040 μεταβεβλημένος
485 990 775 1040 παλίμπρατος
814 989 1126 1040 παλίμβολος
1159 991 1343 1039 λέγεται,
1376 989 1434 1029 ὡς
1466 992 1597 1040 δῆλον

85 1091 124 1100 ..
144 1092 151 1100 .
173 1060 218 1100 ἐκ
249 1062 324 1100 τοῦ
358 1060 611 1111 Μενάνδρου
643 1059 880 1102 (ικυωνίου.
942 1059 1103 1101 Eadem
1135 1058 1314 1101 Photius
1348 1058 1495 1113 habet3
1546 1059 1596 1100 cf.

84 1128 339 1171 Eustathius
376 1145 415 1184 p.
450 1130 550 1183 725,
583 1131 649 1171 82.
717 1130 781 1171 Ac
823 1133 994 1184 poterat
1037 1144 1113 1184 per
1151 1130 1410 1181 παλίμβολος
1450 1144 1595 1170 vocem

84 1199 342 1253 Astaphium
369 1200 479 1240 male
504 1199 644 1241 dicere
665 1214 786 1241 servo
806 1200 1058 1241 truculento.
1102 1199 1430 1241 Proverbiorum
1452 1202 1595 1240 autem

82 1270 253 1311 illorum
290 1284 415 1310 usum
453 1270 533 1310 etsi
564 1269 679 1310 haud
711 1270 821 1310 male
854 1269 1343 1323 Paroemiographorum
1376 1269 1514 1311 editor
1546 1284 1595 1311 ex

84 1338 303 1380 comoedia
351 1339 628 1381 derivandum
672 1353 764 1381 esse
809 1339 1065 1394 suspicatur,
1117 1342 1263 1381 tamen
1308 1342 1457 1381 natum
1501 1354 1595 1394 pro-

82 1409 323 1463 fectumque
343 1423 434 1450 esse
456 1412 559 1462 puto
586 1424 610 1450 a
635 1409 750 1451 facto
778 1409 918 1463 aliquo
941 1408 1238 1464 Sicyoniorum
1261 1410 1594 1452 inconstantiam

84 1494 132 1520 ac
169 1479 472 1520 truculentiam
511 1479 771 1533 declarante,
814 1479 1064 1532 praesertim
1104 1489 1209 1520 cum¹
1237 1495 1324 1521 non
1361 1495 1469 1520 unus
1507 1479 1593 1520 Me-

83 1549 245 1590 nander
278 1547 571 1603 ‘Sicyonium’
605 1548 902 1603 composuerit.

30 1749 34 1754 ,
175 1712 233 1754 43)
260 1710 469 1745 Vei-nacula
494 1710 622 1756 lingua
646 1721 779 1746 nomen
805 1710 997 1755 aptissime
1022 1711 1224 1746 reddideris
1256 1722 1322 1757 per
1350 1711 1447 1746 ‘Der
1475 1711 1592 1746 Polte-

82 1767 168 1804 rer'
188 1769 282 1813 (‘der
315 1770 394 1804 tolle
418 1770 615 1814 Hitzkopf’
648 1768 815 1813 Rostius‚
857 1769 934 1803 ‘der
966 1769 1150 1804 Grobz'an'
1185 1769 1364 1803 Binderus
1395 1769 1593 1813 inscripsit,

84 1827 506 1862 ‘Courtisanenstreiche’
540 1827 729 1871 Rappius).
787 1828 955 1862 Ceterum
987 1828 1032 1862 de
1065 1827 1236 1871 Sicyonio
1268 1829 1447 1871 tanquam
1472 1829 1593 1862 trucu-

80 1885 180 1920 lento
205 1884 428 1919 testimoniis
460 1895 593 1919 novum
624 1885 779 1919 fortasse
805 1885 849 1918 de
876 1884 1085 1919 coniectura
1110 1885 1244 1919 addere
1269 1885 1398 1919 licebit
1424 1896 1467 1920 ex
1493 1886 1591 1920 Alci-

80 1944 229 1987 phronis
254 1943 371 1987 Epist.
398 1944 443 1986 ΙΙ,
470 1948 501 1987 4,
530 1948 571 1978 19
598 1944 679 1978 10οο
705 1944 895 1987 lacunoso,
921 1955 993 1988 quo
1020 1943 1177 1988 Glycera
1202 1944 1444 1979 Menandrum
1470 1946 1591 1980 horta-

80 2002 156 2045 tur,
193 2003 235 2036 ut
265 2012 327 2036 eas
358 2001 405 2035 ad
429 2001 683 2036 Ptolemaeum
716 2001 845 2035 afferat
876 2001 1038 2044 fabulas,
1077 2012 1172 2045 quae
1204 2002 1363 2036 maxime
1390 2003 1591 2047 Dionysum

80 2060 157 2096 eius
182 2060 309 2096 iuvare
334 2060 492 2105 possint:
528 2060 599 2094 εἴτε
631 2061 746 2094 Θαΐδα
779 2059 850 2094 εἴτε
875 2060 1103 2102 Μιςούμενον
1136 2060 1208 2094 εἴτε
1234 2060 1488 2102 Θραςυλέοντα
1519 2061 1592 2096 εἴτε

81 2119 361 2162 Ἐπιτρέποντας
392 2119 462 2152 εἴτε
490 2119 749 2161 Ῥαπιζομένην
782 2119 853 2152 εἴτε
879 2119 1108 2162 Εικυώ[νιον]
1133 2120 1152 2140 *
1172 2118 1191 2138 *
1210 2119 1229 2139 *
1249 2120 1326 2152 ἀλλ’
1351 2119 1407 2152 ὅτι
1434 2121 1491 2152 καὶ
1517 2120 1590 2161 ἐγὼ

49 2187 53 2192 ·
79 2180 224 2220 Θραςεῖα
249 2179 307 2211 καὶ
332 2177 498 2220 τολμηρά
523 2176 578 2211 τίς
602 2177 671 2219 εἰμι
695 2178 742 2211 τὰ
761 2177 977 2220 Μενάνδρου
1005 2176 1198 2220 διακρίνειν
1218 2176 1354 2211 ἰδιῶτις
1374 2178 1472 2212 οὖςα.
1500 2179 1591 2213 ἀλλὰ

79 2237 194 2280 ςοφὸν
231 2237 303 2279 ἔχω
342 2246 403 2269 ςου
441 2236 507 2269 τὸν
545 2237 667 2279 ἔρωτα
705 2237 762 2270 καὶ
797 2237 902 2270 ταῦτ’
928 2235 1060 2270 εἰδέναι
1099 2236 1279 2270 δύναςθαι.
1335 2236 1393 2270 Ita
1431 2236 1591 2272 Seilerus

78 2295 199 2329 locum
226 2293 392 2336 exhibet,
431 2304 540 2336 quem
571 2293 674 2328 hiare
707 2295 744 2328 et
770 2294 952 2328 sententia
975 2293 1115 2328 indicat
1141 2295 1178 2328 et
1203 2294 1346 2328 codices
1372 2294 1483 2328 variis
1509 2297 1592 2338 post

77 2353 244 2396 Cixuw(v)
276 2349 405 2395 spatiis
435 2350 584 2386 relictis.
635 2354 663 2385 Α
696 2351 908 2386 Florentino
941 2351 1124 2395 profectus
1150 2351 1355 2386 Meinekius
1387 2352 1590 2396 supplevit:

80 2411 151 2445 εἴτε
177 2410 390 2453 (ικυώ[νιον
415 2409 481 2443 εἴθ’
508 2411 579 2453 ὅτι]
612 2411 679 2444 οὖν
711 2411 809 2444 ἄλλο.
859 2410 893 2444 τί
920 2411 975 2451 δέ;
1009 2411 1082 2451 ἐγὼ
1108 2413 1163 2452 Θρ.
1191 2411 1262 2443 κτὲ.
1315 2409 1386 2444 Sed
1412 2410 1481 2445 hoc
1508 2424 1589 2456 sup-

77 2469 264 2514 plemento
297 2468 362 2502 eie*
387 2469 443 2503 ὅτι
475 2469 541 2503 οὖν
573 2469 660 2503 ἄλλο
691 2468 801 2513 plane
833 2468 977 2503 tollitur
1007 2469 1106 2513 quod
1137 2468 1339 2504 sententiae
1371 2469 1447 2504 vim
1479 2470 1591 2506 efficit

79 2529 223 2562 certas
256 2527 449 2571 Glyceram
480 2526 625 2561 fabulas
657 2527 793 2571 eligere
825 2538 867 2561 ac
899 2526 1159 2561 discriminare.
1209 2528 1287 2561 Iam
1318 2539 1405 2562 vero
1426 2525 1589 2562 'Macarii

77 2586 191 2621 verba
210 2585 240 2620 si
258 2584 471 2630 respicimus
492 2585 549 2619 ἐπὶ
573 2588 651 2619 τῶν
675 2586 901 2628 τολμηρὸν
928 2586 992 2628 μέν
1011 2597 1045 2620 τι
1071 2587 1143 2619 κτὲ.
1170 2596 1243 2620 non
1268 2588 1391 2631 potest
1415 2597 1487 2620 non
1512 2597 1588 2620 rno-

78 2656 163 2678 vere
198 2644 361 2678 animum
394 2644 487 2678 illud
522 2645 595 2685 ἐγὼ
631 2647 775 2687 θραςεῑα
807 2646 864 2678 καὶ
895 2644 1060 2687 τολμηρά
1091 2655 1144 2678 τις
1174 2645 1259 2687 post
1289 2643 1403 2688 ipsius
1430 2643 1589 2687 Sicyonii

79 2703 466 2738 commemorationem
497 2701 690 2744 iniectum3
729 2702 824 2736 unde
855 2702 892 2736 in
926 2701 1089 2747 Sicyonii
1120 2701 1329 2736 temeritate
1361 2713 1442 2736 cum
1474 2702 1587 2746 ipsius

77 2761 288 2796 temeritate
315 2761 563 2805 comparanda
587 2760 744 2795 amicam
770 2761 897 2795 lusisse
924 2761 1093 2804 conicias,
1119 2762 1161 2795 ut
1185 2761 1286 2804 ipsae
1311 2761 1487 2795 librorum
1512 2762 1587 2794 tur-

78 2819 147 2854 bae
173 2819 281 2853 simul
308 2830 351 2854 ex
376 2818 533 2863 repetito
560 2818 721 2863 Sicyonii
745 2818 891 2853 nomine
917 2819 1154 2863 explicentur.
