1688 2978
689 64 974 105 ,26-

72 167 204 208 immo
247 167 533 221 reputandum
578 168 658 209 erit
702 168 884 209 alteram
929 167 1117 209 eiusdem
1161 167 1350 209 nominis
1393 166 1587 208 fabulam

70 237 283 279 exstitisse
323 237 552 280 Εικυώνιον
590 237 794 279 Alexidis.
856 236 924 278 Ad
963 237 1076 279 hanc
1115 237 1249 292 igitur
1289 251 1339 279 eo
1381 235 1586 278 libentius

69 306 257 348 Pollucis
297 307 438 349 locum
477 308 806 362 adplicabimus‚
849 308 951 362 quia
987 308 1033 348 in
1070 307 1269 361 parasitis
1301 306 1484 355 maxime
1516 305 1584 347 de-

70 376 306 419 scribendis
339 378 563 420 Alexidem
594 392 729 420 novae
763 377 1007 418 comoediae
1038 376 1271 430 praeivisse
1304 378 1482 418 constat.

186 447 360 503 Reliqui
395 464 444 490 ex
471 447 693 490 Menandri
718 447 869 489 fabula
901 447 973 501 qui
1000 446 1240 488 excitantur
1271 446 1367 501 loci,
1397 446 1442 488 hi
1469 448 1584 488 sunt:

68 517 255 570 primum
287 518 434 569 ὅμοιος
466 518 597 571 ὁμοίῳ
630 516 902 571 proverbium
939 517 1213 558 notissimum
1252 531 1276 557 a
1307 516 1463 558 Plauto
1495 516 1585 557 red-

69 587 207 629 ditum
240 588 292 642 V,
317 586 372 630 47
399 603 483 641 par
505 589 607 641 pari
635 588 844 640 respondet
857 585 922 642 5¹),
953 590 1045 628 tum
1077 601 1225 629 versus
1258 586 1331 641 qui
1363 601 1458 629 cum
1483 587 1588 628 item

67 658 112 698 in
152 660 365 712 proverbii
405 658 755 700 consuetudinem
795 657 1075 710 descenderit,
1119 659 1162 698 et
1200 652 1359 699 omisso
1398 657 1584 698 auctoris

69 728 242 770 nomine
280 729 392 784 apud
425 728 738 783 Diogenianum
771 730 912 770 exstat
944 727 995 782 V,
1029 729 1084 770 83
1123 729 1165 769 et
1202 727 1314 782 apud
1353 725 1585 769 Stobaeum

70 813 120 840 ex
152 798 419 841 Philemonis
451 799 700 840 Enchiridio
734 799 927 840 affertur:

361 893 469 939 Κακὴ
502 893 578 944 μὲν
609 891 726 944 ὄψις,
761 893 808 934 ἐν
840 893 886 933 δὲ
919 893 1098 937 δειλαῑαι
1132 890 1298 942 φρένες.

69 983 151 1026 Sed
196 985 398 1039 quoniam
442 985 597 1027 Suidae
642 985 869 1039 Photiique
914 985 1120 1026 disertum
1163 984 1458 1026 testimonium
1503 984 1588 1026 Me-

68 1055 219 1096 nandri
253 1054 455 1109 Sicyonio
501 1069 671 1097 versum
715 1055 920 1109 vindicat,
964 1069 1051 1097 non
1089 1057 1155 1096 est
1192 1054 1302 1108 quod
1341 1054 1391 1096 de
1429 1054 1509 1096 hac
1542 1070 1586 1096 re

68 1124 331 1178 dubitemus,
369 1125 622 1179 praesertim
661 1139 757 1165 cum
790 1124 929 1166 simile
963 1123 1231 1165 Stratullacis
1264 1124 1498 1166 convitium
1531 1125 1589 1166 sit

66 1195 279 1249 Astaphio
313 1195 530 1249 ingestum
562 1193 616 1247 ΙΙ,
649 1195 690 1248 2,
722 1195 777 1236 39
810 1192 880 1250 (cf.
913 1210 949 1236 v.
986 1195 1037 1235 13
1059 1209 1160 1248 sqq„
1194 1195 1250 1235 34
1270 1194 1396 1250 sqq.):

215 1287 379 1331 Buccas
412 1288 599 1343 rubrica,
632 1290 748 1330 creta
780 1303 905 1330 omne
938 1288 1092 1343 corpus
1125 1286 1303 1330 intinxti
1331 1289 1429 1331 tibi:

214 1360 447 1402 Pessumae
480 1360 602 1402 estis!

69 1453 212 1494 Unum
252 1456 472 1507 postremo
509 1457 647 1495 restat
684 1454 974 1509 fragmentum
1015 1453 1254 1494 intricatius
1293 1468 1342 1494 ex
1382 1452 1510 1495 Suida
1548 1469 1583 1495 v.

68 1521 371 1574 ἀγγαρεύεεθαι
385 1538 392 1565 :

278 1616 327 1658 ‘O
360 1617 506 1658 πλέων
538 1618 739 1669 κατήχθη·
772 1616 924 1668 κρίνεθ’
951 1616 1075 1658 οὗτος
1107 1617 1326 1667 πολέμιος·

280 1687 355 1728 ἐὰν
388 1686 425 1728 δ’
450 1687 524 1741 ἔχῃ
559 1688 828 1739 τιγμαλακόν,
861 1687 1150 1739 ἀγγαρεύεται.

67 1779 186 1820 Talis
219 1794 315 1821 cum
349 1781 522 1822 subesse
555 1782 751 1823 videatur
782 1781 1008 1834 sententia,
1040 1780 1209 1835 qualem
1236 1780 1454 1821 Bentleius
1487 1794 1584 1821 enu-

68 1850 253 1891 clueavit
283 1865 322 1904 p.
343 1851 398 1893 58
432 1851 535 1906 (488
570 1852 632 1893 ed.
657 1850 804 1905 Mein.)
837 1850 894 1892 ‘si
928 1851 1021 1905 quis
1054 1850 1306 1905 peregrinus
1338 1850 1380 1890 in
1413 1852 1585 1904 portum

67 1920 269 1972 defertur,
301 1920 513 1962 iudicatur
544 1922 684 1962 hostis
717 1924 759 1962 et
791 1921 1011 1975 suppellex
1042 1920 1077 1961 si
1104 1934 1232 1974 quam
1258 1934 1400 1960 secum
1433 1919 1587 1961 detulit

67 1988 169 2030 fisco
208 1989 471 2043 damnatuff,
516 1990 629 2031 haud
668 1991 811 2044 inepte
851 1990 1037 2032 conicias
1070 2003 1157 2030 non
1188 1989 1359 2043 proprie
1391 1988 1585 2031 adhibita

67 2074 157 2101 esse
192 2061 333 2114 verba,
366 2060 439 2102 sed
471 2061 685 2103 translata
717 2061 770 2103 ad
796 2061 953 2102 damna
979 2075 1004 2102 a
1030 2059 1326 2101 meretricibus
1353 2060 1585 2114 contracta,

72 2235 181 2279 bant,
220 2247 292 2279 quo
325 2247 433 2270 sensu
465 2234 706 2270 usitatissimo
737 2235 815 2280 ipse
847 2235 937 2270 item
969 2235 1168 2270 Menander
1198 2233 1369 2269 adhibuit
1399 2234 1585 2278 Μιεογύνῃ

67 2293 200 2339 fragm.
227 2293 322 2338 VII..
352 2293 470 2336 Quam
496 2293 779 2338 ambiguitatem
806 2293 868 2338 qui
895 2292 1128 2328 Stratullacis
1153 2294 1276 2338 partes
1301 2293 1430 2338 ageret
1453 2290 1508 2326 ita
1533 2292 1585 2326 in-

68 2352 203 2397 signire
238 2352 378 2397 potuit,
416 2352 458 2386 ut
491 2352 642 2386 dextrae
676 2352 804 2396 digitis
839 2352 1056 2387 numerandi
1090 2354 1236 2396 gestum
1270 2351 1409 2386 faceret
1438 2350 1585 2386 sinistro

68 2411 177 2446 simul
208 2411 360 2446 brachio
391 2410 615 2455 Astaphium
646 2410 760 2444 artius
792 2411 1050 2455 complectens.
1103 2409 1306 2445 Confirmat
1335 2410 1458 2444 autem
1490 2409 1585 2443 hanc

66 2469 290 2504 sententiam
317 2481 412 2513 quae
438 2469 604 2514 sequitur
623 2468 759 2504 facetia
778 2481 821 2503 ex
844 2469 1111 2504 ‘cavillatione’
1137 2467 1405 2511 ‘caulibusque'
1427 2467 1586 2511 repetita

66 2528 101 2572 (i.
131 2540 161 2563 e.
188 2529 361 2572 testibus,
394 2528 439 2563 cf.
466 2528 591 2563 Bothii
617 2527 733 2572 adn),
766 2538 839 2571 qua
864 2527 1015 2562 Plautus
1041 2526 1263 2571 expressisse
1289 2525 1450 2569 videtur,
1485 2526 1584 2569 quod

64 2597 219 2631 graecus
251 2590 362 2632 poeta
394 2587 431 2622 in
463 2586 592 2621 eodem
624 2587 735 2621 verbo
768 2585 968 2621 consistens
999 2597 1065 2630 per
1089 2585 1323 2629 παραετάταε
1348 2583 1474 2619 ludere
1500 2596 1580 2629 per-

64 2646 173 2689 geret
198 2646 256 2688 (cf.
284 2646 426 2680 Platon.
454 2656 546 2679 com.
573 2644 711 2679 Phaon.
736 2645 805 2689 frg.
832 2644 865 2678 ΙΙ
891 2656 922 2679 v.
952 2648 994 2679 13
1009 2645 1083 2687 M.).

160 2715 219 2756 51)
247 2714 366 2749 Schol.
394 2714 559 2749 Platonis
585 2725 620 2758 p.
641 2718 709 2749 375
736 2715 821 2749 Bk:
849 2715 1025 2757 μέμνηται
1051 2716 1091 2749 δὲ
1111 2698 1224 2757 αὐτῆς
1241 2734 1281 2738 -
1297 2714 1355 2748 καὶ
1371 2713 1584 2757 Μένανδρος

65 2771 263 2816 (ικυωνίῳ.
315 2771 365 2806 Cf.
393 2771 513 2808 Plaut.
540 2772 649 2807 Merc.
678 2785 710 2808 v.
738 2776 823 2815 6293
850 2772 948 2809 Pers,
977 2777 1057 2807 223.
