1688 2978
706 124 775 157 .-·
822 126 878 167 49
945 151 995 156 .-

727 232 776 273 66
807 246 920 273 nunc
951 233 1234 274 commentast
1264 232 1427 275 dolum:

269 297 489 352 Peperisse
522 298 696 340 simulat
727 301 836 355 sese,
867 304 915 342 ut
946 316 1013 343 me
1046 303 1243 343 extrudat
1274 302 1401 344 foras.

269 369 410 422 Atque
441 370 490 409 lit
521 383 617 410 cum
649 369 742 411 solo
774 371 1073 425 pergraecetur
1104 371 1259 426 mssite‚

205 450 248 480 70
268 438 379 479 Eum
412 439 505 479 esse
537 439 711 481 simulat
740 438 921 482 militem
952 443 1083 496 puero
1115 445 1294 496 patrem.

230 530 240 544 «-
268 508 380 550 Eum
412 506 491 549 ists
518 510 787 564 suppositum
818 514 995 565 puerum
1028 512 1181 566 opinor
1210 514 1452 566 pessumae:

269 577 379 618 Mihi
411 579 542 620 verba
572 582 690 621 retur
722 580 821 622 dare
855 581 945 623 sed:
978 597 1032 624 an
1064 597 1131 624 me
1163 584 1329 625 censuit

270 646 420 690 Celare
453 664 498 691 se
529 652 700 704 potesse
732 653 909 706 gravida
941 651 980 694 ss
1009 653 1147 695 foret?

91 741 259 793 Sed.-—-
293 741 406 783 hunc
437 742 628 785 ordinem
659 747 708 786 ut
739 760 952 788 servemus
988 771 1035 776 —
1072 762 1218 790 versus
1251 748 1306 791 68
1338 750 1381 790 et
1413 749 1487 791 69:

267 835 489 890 Peperisse
522 838 697 879 simulat
729 840 819 880 sese
851 843 899 880 ut
930 855 997 881 me
1029 841 1226 882 extrudat
1258 842 1372 884 foras

266 906 411 962 Atque
442 910 491 949 lit
522 923 618 950 cum
650 909 742 951 solo
773 911 1076 966 pergraecetur
1107 910 1246 954 milite

92 1015 186 1041 cum
218 1001 377 1042 criticis
414 1002 498 1044 illis
537 1003 680 1045 divelli
717 1019 843 1059 posse
881 1019 1010 1060 nego:
1053 1021 1151 1048 nam
1190 1007 1339 1048 eodem
1379 1010 1604 1062 utrumque

92 1071 330 1112 membrum
363 1074 530 1126 spectat
560 1088 637 1127 per
663 1077 710 1115 ut
732 1088 976 1129 expressum
1004 1077 1355 1132 coniunctumque
1386 1075 1462 1132 per
1486 1082 1605 1131 atque

92 1155 226 1195 neque
258 1141 441 1183 alterum
474 1142 526 1183 ad
550 1144 752 1196 peperisse
775 1146 945 1187 simulat
974 1147 1117 1200 potius
1150 1148 1331 1189 alterum
1364 1148 1417 1190 ad
1440 1152 1604 1202 patrem

88 1211 260 1252 simulat
289 1212 458 1253 militem
488 1214 587 1254 licet
617 1214 827 1256 trahatur.
887 1216 1005 1258 Haec
1037 1218 1073 1258 si
1105 1220 1217 1259 esset
1249 1219 1485 1260 sententia:

265 1303 486 1358 Peperisse
519 1306 694 1348 simulat
726 1307 836 1362 sese,
867 1310 914 1349 ut
944 1323 1011 1350 me
1044 1310 1243 1352 extrudat
1275 1306 1409 1367 foras3

267 1373 409 1428 Atque
441 1378 496 1417 lit
527 1391 628 1417 rem
661 1378 720 1418 ab
752 1378 846 1420 illo
879 1381 1088 1421 avorrat
1120 1396 1226 1422 cum
1258 1383 1564 1438 pulvisculo,

266 1443 378 1486 Eum
410 1447 501 1488 esse
534 1447 708 1488 simulat
740 1447 923 1490 militem
955 1452 1084 1504 puero
1117 1454 1302 1507 patrem,

88 1539 180 1578 tum
211 1540 325 1579 recte
356 1538 477 1579 fieret
505 1539 744 1582 distinctio:
775 1541 860 1583 iam
887 1557 994 1596 quae
1026 1558 1103 1597 per
1128 1545 1304 1586 eandem
1331 1547 1603 1588 continentur

91 1608 345 1648 sententiam
379 1609 585 1649 orationis
619 1625 785 1665 quoque
816 1615 965 1653 tenore
997 1615 1255 1656 conectenda
1283 1619 1392 1658 sunt.
1443 1617 1603 1665 Quodsi

88 1679 185 1729 post
224 1678 353 1719 milite
393 1678 746 1734 interpungamus
773 1684 976 1735 oportet,
1031 1698 1155 1725 nemo
1208 1699 1293 1726 non
1336 1686 1450 1728 videt
1495 1701 1602 1741 quae

89 1751 307 1789 secuntur:

262 1829 375 1871 Eum
407 1832 499 1873 esse
532 1833 706 1875 simulat
736 1834 920 1877 militem
950 1838 1080 1890 puero
1112 1840 1289 1891 patrem.

267 1900 379 1942 Eum
411 1901 488 1943 ists
516 1904 786 1957 suppositum
816 1908 995 1959 puerum
1028 1906 1182 1960 opinor
1212 1909 1447 1961 pessumae.

88 1991 206 2032 nullo
247 2007 420 2046 prorsus
461 1995 631 2037 vinculo
670 1997 907 2052 constringi
944 2012 992 2039 ac
1032 1998 1160 2052 plane
1199 2014 1248 2041 ex
1289 2003 1601 2045 sententiarum

87 2075 197 2102 nexu
235 2063 438 2107 excidere.
500 2065 580 2108 Sed
620 2068 824 2110 accedunt
864 2069 965 2111 alia:
1009 2071 1204 2124 proxima
1241 2072 1406 2114 demum
1447 2089 1600 2116 scaena
1635 2116 1639 2119 ,

89 2144 183 2171 cum
227 2146 277 2172 ex
317 2133 530 2189 Astaphio
571 2135 828 2179 Diniarchus
873 2138 1028 2180 certior
1070 2140 1147 2181 fiat
1189 2155 1396 2196 puerum
1435 2143 1493 2200 (v.
1525 2144 1600 2204 99)

87 2199 368 2245 Phronesium
412 2206 611 2262 edidisse,
656 2224 752 2250 cum
795 2210 944 2251 deinde
987 2211 1081 2264 ipsa
1118 2213 1156 2252 ei
1193 2216 1393 2255 meretrix
1432 2220 1602 2258 enarret

87 2269 160 2325 (II,
185 2271 224 2322 4,
250 2271 325 2328 50)
359 2277 572 2329 quomodo
603 2279 788 2321 tonstrix
822 2279 1013 2335 ‘puerum
1046 2284 1119 2323 aut
1150 2284 1350 2337 puellam'
1390 2286 1461 2341 qui
1504 2303 1602 2343 sup-

88 2344 302 2393 ponantur
338 2348 676 2403 quaesiverit92),
721 2353 847 2392 antea
886 2352 994 2392 nihil
1033 2353 1194 2393 audivit
1231 2355 1313 2395 nisi
1353 2355 1602 2410 ‘peperisse'

180 2482 238 2525 92)
272 2480 441 2518 Ceterum
477 2487 575 2529 quod
607 2490 712 2523 erant
743 2490 805 2534 qui
838 2490 1039 2525 dissensum
1077 2492 1261 2536 quendam
1299 2495 1471 2531 notarent
1507 2497 1603 2533 inter

88 2536 257 2583 Astaphii
288 2541 538 2578 narrationem
573 2548 869 2583 commenticiam
895 2549 935 2593 (Ι,
962 2554 993 2594 2,
1014 2554 1189 2595 93-100)
1222 2551 1458 2599 eiusdemque
1490 2557 1603 2592 verba

86 2595 130 2640 11,
154 2601 184 2640 1,
204 2601 246 2634 5:
281 2599 410 2635 Verum
435 2607 525 2647 aput
549 2605 645 2640 hunc
669 2617 747 2642 mea
771 2618 833 2642 era
857 2618 925 2642 sua
950 2609 1102 2644 consilia
1126 2620 1265 2645 summa
1290 2613 1470 2658 eloquitur
1495 2616 1603 2651 libere

88 2655 177 2700 eet,
216 2668 289 2693 non
321 2659 411 2695 satis
443 2656 681 2706 respexerunt
711 2665 813 2700 aliud
844 2677 937 2710 esse,
974 2666 1003 2701 si
1025 2679 1091 2712 per
1116 2668 1314 2706 ancillulae
1339 2672 1602 2717 loquacitatem

86 2712 307 2751 Diniarchus
333 2729 409 2752 rem
435 2722 690 2767 comperisset,
716 2724 817 2758 aliud
844 2724 874 2758 si
901 2735 967 2768 per
992 2726 1131 2760 amicae
1152 2728 1411 2764 confidentiam
1437 2731 1602 2766 conscius

85 2769 208 2809 fiebat.
258 2775 315 2809 Ab
340 2776 446 2811 initio
471 2777 714 2815 Phronesium
739 2772 852 2827 penes
878 2783 1040 2819 animum
1067 2785 1259 2822 constituit
1294 2788 1348 2823 ita
1378 2789 1476 2825 illius
1502 2802 1601 2826 amo-

85 2839 162 2862 rem
188 2831 419 2868 retinendum
446 2847 541 2881 esse,
567 2839 608 2871 ut
633 2838 746 2874 libere
773 2842 927 2877 consilia
952 2843 1161 2888 eloquatur3
1188 2848 1298 2891 atque
1325 2848 1432 2882 huius
1459 2849 1600 2883 consilii

157 2894 323 2930 Schoell,
345 2899 478 2926 Divinat.
499 2900 529 2926 in
550 2902 590 2928 Pl.
612 2903 659 2928 Tr.
1299 2912 1319 2940 4
