1688 2978
696 143 984 185 ,33-

205 246 370 289 Harum
410 246 719 288 sententiarum
758 247 994 289 similitudo
1034 261 1129 289 cum
1167 261 1216 287 eo
1248 247 1386 288 minus
1420 246 1601 287 fortuita

87 331 179 358 esse
205 316 410 369 videatur,
442 316 542 370 quia
567 331 616 357 ex
641 331 727 358 una
751 317 983 372 eademque
1009 317 1178 358 fabulae
1204 318 1325 370 parte
1351 316 1600 370 desumptae

87 389 204 442 sunt,
248 386 411 428 accedit
453 386 571 427 100113
615 401 665 427 ex
710 387 845 429 altero
891 402 973 442 quo
1012 385 1269 428 Diniarchus
1316 385 1601 427 introducitur

91 460 186 499 actu
219 455 319 512 (IV)
358 471 453 498 cum
487 455 732 499 Simalionis
764 458 905 500 verbis
945 471 1199 512 congruens:
1244 457 1388 507 ἕτερος
1426 456 1478 498 ἂν
1516 459 1599 498 λοι-

90 527 348 580 δορούμενος
380 526 543 579 ἔγραφε
576 529 643 569 καὶ
675 527 875 580 ἀπειλῶν,
913 527 1007 570 ἀλλ’
1038 529 1123 578 ἐγὼ
1156 527 1358 579 δεόμενος
1389 527 1456 567 καὶ
1487 525 1599 568 ἀντι-

90 601 241 651 βολῶν.
305 596 367 639 Cf.
398 597 472 652 IV,
507 599 544 653 1,
578 600 649 641 12:

207 714 209 718 f
303 667 412 717 Quia
441 668 503 710 nil
535 668 672 712 habeo
694 702 848 713 ......
869 670 1014 711 omnia
1046 683 1169 725 agam
1201 668 1404 723 precario.

87 739 166 780 His
195 739 336 781 verbis
369 753 475 793 quae
502 739 835 794 interponuntur
865 741 910 782 in
942 740 1274 782 codicibus-um}
1305 738 1474 791 animos
1493 738 1600 780 movi

86 809 191 851 mihi
222 809 281 850 eis
308 807 560 864 Spengelius
592 809 837 852 dubitanter
868 802 1094 853 substituit
1122 813 1169 851 ut
1192 811 1352 852 animos
1383 810 1523 851 tollam
1556 810 1598 849 et

86 894 177 921 cum
207 880 283 920 illa
313 894 391 933 pro
423 881 584 921 comnia
614 879 693 936 (sic
713 881 762 934 B,
793 883 933 923 omnia
965 881 1076 935 OD),
1112 881 1339 935 Maehlyus
1369 880 1441 921 hoc
1470 893 1598 920 mmm

86 951 273 992 animum
310 953 452 1001 movet,
495 949 689 1005 Buggius
725 952 832 993 unde
867 952 1054 993 animum
1090 965 1270 992 moveam
1306 951 1381 992 illi..
1443 949 1523 991 Sed
1563 949 1599 990 si

86 1035 171 1062 non
203 1023 292 1061 tam
325 1036 350 1061 a
381 1022 592 1075 corruptis
624 1022 816 1063 codicum
841 1022 1034 1076 vestigiis
1060 1021 1367 1076 proficiscimur
1393 1023 1435 1061 et
1461 1035 1511 1061 ex
1538 1020 1599 1061 013

88 1091 190 1146 quid
222 1090 333 1133 effici
365 1092 504 1146 possit
530 1093 668 1148 primo
694 1092 787 1135 loco
814 1092 1070 1148 quaerimus,
1102 1107 1228 1147 quam
1257 1090 1473 1133 sententia
1498 1089 1599 1145 quid

88 1162 276 1218 requirat
314 1162 583 1215 exploramus
622 1164 970 1218 exploratumque
1003 1163 1213 1218 quomodo
1245 1163 1453 1204 librorum
1484 1161 1598 1202 relli-

87 1231 198 1287 quiis
241 1233 552 1275 accommodari
593 1234 731 1289 possit
769 1234 1021 1290 indagamus
1054 1257 1109 1263 —
1141 1247 1248 1289 quae
1290 1247 1373 1274 una
1410 1231 1454 1273 in
1491 1231 1597 1272 locis

88 1302 193 1342 adeo
231 1303 509 1343 conclamatis
549 1305 868 1359 desparatisque
905 1305 1078 1358 probari
1109 1305 1179 1344 via
1216 1305 1410 1357 ratioque
1442 1305 1598 1356 potest,

89 1375 239 1414 contra
287 1387 414 1427 quam
465 1373 546 1415 dici
595 1375 742 1430 nequit
790 1390 917 1430 quam
967 1389 1092 1429 saepe
1141 1376 1317 1429 peccent
1360 1372 1496 1415 critici
1530 1396 1597 1426 —-‚

88 1442 288 1496 quoniam
321 1434 578 1485 Diniarchus
611 1445 692 1485 sibi
724 1444 947 1498 ‘precario'
981 1444 1193 1498 agendum
1225 1458 1316 1484 esse
1348 1443 1451 1484 dicit
1483 1442 1595 1496 (δεό-

87 1515 242 1568 μενος),
275 1514 374 1569 quia
404 1514 465 1556 nil
497 1513 668 1571 habeat,
699 1515 1013 1571 oppositionem
1045 1514 1332 1556 desideramus
1359 1512 1597 1567 (ἀπειλῶν),

87 1584 187 1638 quid
231 1585 266 1626 si
309 1599 399 1626 rem
443 1588 608 1627 teneret
650 1586 840 1628 facturus
886 1589 1009 1627 esset.
1088 1585 1180 1627 Iam
1231 1586 1267 1626 si
1310 1584 1595 1639 reputarimus

86 1669 215 1708 quam
248 1671 374 1710 saepe
407 1655 490 1698 ‘vi'
524 1660 566 1698 et
598 1656 836 1711 ‘precario'
869 1672 920 1699 ex
953 1656 1129 1698 adverso
1162 1659 1276 1699 stent
1291 1654 1360 1712 ⁰⁵),
1392 1655 1479 1704 veri
1511 1669 1596 1696 non

86 1723 292 1766 dissimile
324 1725 405 1767 erit
436 1726 480 1767 in
510 1740 596 1767 unu
627 1727 760 1768 latere
790 1727 895 1781 uim3
940 1730 1033 1768 tum
1065 1741 1163 1768 vero
1196 1741 1273 1780 pro
1305 1725 1473 1776 ammos
1492 1738 1596 1765 move

88 1794 356 1837 scribendum
389 1797 470 1837 erit
499 1798 585 1837 iam
610 1798 745 1838 amovi
774 1796 869 1852 (per
893 1799 1037 1839 anima
1061 1797 1167 1838 movi
1192 1796 1252 1837 sic
1279 1795 1595 1850 depravatum);

87 1864 129 1902 et
168 1863 272 1904 mihi
310 1865 511 1919 quoniam
549 1866 687 1907 locum
721 1866 805 1907 iam
835 1882 920 1908 non
951 1867 1095 1921 habet,
1127 1865 1305 1906 feliciter
1335 1864 1505 1917 accidit,
1549 1866 1597 1904 ut

87 1931 130 1973 in
162 1933 251 1975 cod.
271 1933 306 1975 B
339 1949 462 1976 verae
495 1936 728 1990 scripturae
754 1937 980 1991 vestigium
1006 1936 1276 1977 remanserit:
1308 1935 1498 1989 dispesto
1532 1935 1596 1975 ni-

87 2002 241 2050 mirum
272 2004 368 2046 Izi-c
398 2020 526 2060 prave
558 2005 700 2060 (mzfhi
731 2006 975 2061 suppletum
1008 2003 1149 2062 est⁶⁶)‚
1181 2008 1227 2047 ut
1259 2005 1319 2046 sic
1349 2005 1466 2046 locus
1499 2019 1596 2046 con-

87 2072 326 2116 stituendus
359 2076 431 2118 sit:

86 2188 224 2221 nemini
250 2189 301 2223 eis
327 2201 420 2233 quae
446 2191 676 2235 nuperrimus
697 2191 816 2226 editor
835 2191 1037 2226 hariolatus
1057 2193 1113 2226 est
1131 2190 1417 2236 probabiliorem
1436 2189 1596 2234 speciem

87 2243 245 2280 induisse
271 2247 466 2284 videbitur.
518 2249 646 2294 Siquid
678 2249 785 2285 video
818 2261 889 2285 non
915 2250 959 2285 de
986 2249 1252 2292 excusanda,
1286 2248 1350 2282 sed
1375 2248 1420 2282 de
1447 2248 1596 2282 exclu—

86 2302 231 2337 denda
256 2305 378 2349 agitur
405 2306 560 2350 ‘inopia’
589 2308 648 2352 (cf.
675 2308 766 2342 Rud.
792 2320 826 2343 v.
853 2310 947 2352 617),
972 2309 1014 2342 ut
1038 2307 1287 2352 reponendum
1314 2307 1361 2341 sit

132 2372 200 2407 Hic
226 2373 304 2409 dies
330 2377 510 2411 summust
535 2377 634 2422 apud
659 2376 760 2412 med:
785 2376 910 2421 inopia
934 2377 1163 2412 exclusast
1188 2376 1313 2411 domo
1340 2376 1407 2420 (vel
1432 2375 1554 2421 foras).

83 2442 211 2477 Fidem
236 2443 437 2478 conciliant
461 2458 493 2480 v.
508 2450 577 2480 494
592 2458 681 2490 sqq„
707 2446 771 2481 ubi
790 2457 874 2480 cum
893 2445 1082 2481 Cleaereta
1101 2445 1292 2481 consilium
1312 2446 1405 2480 illud
1425 2449 1598 2481 exsecuta

84 2500 148 2545 sit,
182 2501 411 2547 Argurippus
437 2504 671 2548 conqueritur
698 2506 822 2540 Mater
846 2516 1090 2549 supremum
1114 2508 1179 2539 tua
1203 2505 1292 2539 mihi
1316 2505 1429 2539 dixit:
1455 2505 1597 2540 dommn

85 2559 139 2592 ire
163 2560 270 2593 iussit
295 2559 530 2604 Libanusque
556 2563 676 2598 addit:
703 2564 821 2598 Homo
844 2564 956 2597 hercle
979 2564 1063 2597 hinc
1087 2564 1312 2598 exclusust
1337 2564 1471 2606 foras.

181 2618 239 2662 65)
265 2616 318 2652 Cf.
346 2617 426 2653 Ter.
453 2618 544 2654 Eun.
571 2632 604 2657 v.
619 2625 703 2657 319:
729 2622 823 2656 hanc
847 2624 887 2655 tu
911 2621 1001 2655 mihi
1023 2621 1077 2655 vel
1100 2621 1137 2655 vi
1161 2622 1214 2655 vel
1239 2622 1331 2656 clam
1356 2623 1409 2657 vel
1427 2622 1598 2667 precario

86 2675 167 2710 Fac
191 2677 334 2719 tradas3
362 2677 434 2712 Cic.
460 2690 527 2723 pro
553 2679 658 2715 Caec.
685 2684 741 2724 31,
768 2685 829 2716 92:
861 2691 923 2714 ‘nec
946 2681 984 2714 vi
1008 2691 1071 2715 nec
1095 2681 1186 2715 clam
1210 2692 1274 2716 nec
1292 2682 1461 2725 precario
1482 2682 1595 2725 possi-

86 2735 183 2779 ἀρφ-ες
210 2737 403 2781 praeterea
428 2736 521 2774 Rud.
549 2750 580 2773 v.
597 2742 664 2773 733
689 2740 726 2774 vi
751 2740 830 2784 ayis
853 2749 998 2781 mecum,
1023 2738 1098 2773 Mil.
1125 2739 1216 2784 glor.
1243 2752 1276 2774 v.
1303 2744 1370 2775 453
1392 2751 1469 2784 sqq.

181 2796 239 2839 66)
264 2795 318 2830 Ex
344 2797 496 2841 syllabis
521 2798 619 2833 male
644 2797 824 2843 suppletis
850 2797 963 2833 etiam
988 2797 1169 2843 Amphitr.
1197 2810 1337 2845 argum.
1364 2800 1493 2834 acrost.
1521 2810 1552 2832 v.
1575 2802 1595 2832 9

84 2851 385 2896 depravationem
410 2856 591 2899 repetam:

155 2917 317 2950 Schoeli,
350 2920 481 2947 Divinat.
502 2921 532 2947 in
552 2922 593 2947 1¹1.
615 2922 661 2947 Tr.
1293 2920 1312 2950 3
