1688 2978
706 118 990 158 -31-

95 239 126 264 s.
164 238 203 277 p.
236 222 322 264 615
359 221 632 276 reprehendit
670 222 987 263 coniunctivum
1025 221 1313 275 recipiendum
1353 233 1446 260 esse
1485 221 1606 273 puto,

95 293 192 335 sed:
692 331 694 333 ,

153 364 234 414 Qui
266 363 378 418 potis
411 363 564 404 amabo
596 362 797 417 planius?
830 362 900 417 qui
933 361 1115 403 antehac
1147 364 1314 403 amator
1345 363 1534 402 summus

151 433 376 487 Habitust‚
407 447 519 475 nunc
550 433 601 474 ad
635 433 816 475 amicam
849 447 987 474 meras
1021 432 1307 488 querimonias
1339 430 1502 472 deferre
1518 429 1588 487 ⁶⁰)!

177 693 181 697 ¹
214 641 297 684 Sed
329 643 423 684 ideo
455 642 534 684 hos
565 657 711 684 versus
745 642 959 697 exscripsi,
991 642 1088 697 quia
1122 641 1172 683 ad
1205 656 1360 683 novam
1386 641 1606 682 tractatio-

98 727 196 754 nem
228 728 306 755 nos
338 712 585 767 perducunt.
645 712 816 754 Etenim
848 715 896 753 ut
927 727 976 753 ea
1007 726 1114 766 quae
1147 726 1195 753 ex
1227 711 1402 753 incertis
1434 710 1606 752 Menan-

92 783 157 824 dri
201 782 451 838 fragmentis
497 783 623 824 attuli
666 783 757 837 ipse
801 783 990 824 concessi
1028 783 1124 837 plus
1162 783 1354 824 minusve
1395 782 1603 823 incertum

93 867 185 894 esse
215 868 317 894 num
349 853 460 894 forte
493 853 545 894 ad
577 852 719 894 Plauti
750 854 912 899 fontem
944 853 1203 906 pertineant,
1245 853 1307 893 ita
1348 855 1488 893 certa
1529 851 1603 893 Si-

92 923 265 978 cyonii
305 923 529 978 vestigia
575 923 706 978 apud
747 923 1112 978 Alciphronem
1153 937 1203 964 ex
1240 922 1496 964 Truculento
1535 922 1604 964 de-

91 993 366 1047 prehendisse
398 994 503 1034 mihi
535 994 691 1035 videor.

208 1062 320 1106 Nam
345 1064 391 1106 in
416 1062 661 1107 Simalionis
681 1063 935 1118 Petalaeque
963 1063 1121 1105 mutuis
1147 1063 1341 1118 epistulis
1369 1061 1420 1117 (Ι,
1440 1063 1507 1104 35.
1528 1061 1603 1118 36)

91 1147 177 1174 non
208 1134 333 1175 modo
366 1133 593 1176 Simalioni
624 1135 770 1176 eadem
802 1149 897 1175 cum
928 1134 1161 1175 Diniarcho
1200 1133 1404 1174 condicio.
1430 1136 1512 1186 est,
1553 1135 1602 1174 τὸ

91 1203 294 1245 πολλάκις
337 1205 405 1246 ἐπὶ
434 1205 521 1246 ’τὰς
562 1205 690 1256 θύρα(
733 1207 889 1256 φοιτᾶν
935 1205 1001 1246 καὶ
1041 1207 1130 1246 τοῖς
1172 1205 1455 1257 πεμπομένοῃ(
1496 1205 1601 1254 πρὸς

90 1274 189 1313 ’τοὺς
222 1274 543 1325 εὐτυχεετέρουε
570 1260 898 1324 θεραπαινιδίοιέ
924 1273 1204 1323 ἀποδύρεεθαι
1231 1273 1281 1328 (1,
1301 1273 1369 1326 35,
1393 1275 1433 1326 1;
1467 1273 1517 1314 cf.
1538 1273 1601 1328 3):

91 1342 162 1383 sed
195 1342 239 1383 in
264 1341 437 1384 Petalae
469 1343 663 1397 epistula.
683 1345 772 1384 tam
805 1343 941 1384 multa
973 1356 1067 1383 cum
1087 1342 1333 1384 Truculenti
1366 1342 1471 1384 locis
1504 1357 1600 1384 con-

90 1412 254 1466 cinunt,
286 1414 333 1453 ut
364 1412 480 1453 casui
512 1412 745 1453 attribuere
776 1426 974 1466 nequeas.
1035 1412 1098 1453 Ac
1129 1413 1315 1466 primum
1346 1413 1514 1467 quidem
1548 1413 1600 1454 ad

90 1482 220 1524 verba
249 1483 321 1536 qui
350 1482 518 1525 antehac
547 1485 709 1524 amator
738 1495 921 1524 summus
952 1481 1164 1535 Habitust,
1202 1496 1311 1524 mmo
1339 1483 1396 1524 ad
1424 1484 1601 1525 amicam

88 1566 221 1594 meras
244 1553 519 1605 querimonias
543 1553 696 1605 deferre
721 1552 898 1594 accedit:
928 1553 1013 1602 ἐγὼ
1041 1553 1087 1592 δὲ
1112 1553 1137 1603 ἡ
1164 1552 1342 1594 τάλαινα
1368 1554 1599 1608 θρηνῳδόν,

89 1622 373 1674 οὐκ-ἐραετήν
404 1624 500 1674 ἔχω.
563 1624 696 1667 Porro
729 1637 825 1675 cu,m
857 1623 1048 1664 versibus
1079 1622 1110 1675 Ι,
1147 1624 1181 1676 1,
1214 1623 1266 1663 31
1291 1638 1399 1677 sqq.:

147 1714 403 1772 Priusquam
435 1719 567 1758 linum
599 1715 762 1758 dederis
795 1715 963 1758 centum
997 1730 1103 1770 quae
1135 1716 1285 1770 poscat
1316 1718 1457 1770 parat:

150 1786 237 1826 Aut
269 1790 420 1827 aurum
452 1786 581 1840 periit
612 1788 687 1826 alit
717 1786 975 1826 conscissast
1006 1786 1168 1838 pallula
1183 1784 1246 1839 61),

148 1855 235 1898 Aut
266 1857 410 1911 empta
441 1855 596 1898 ancilla
627 1858 701 1898 aut
732 1855 902 1910 aliquod
934 1871 1082 1898 vasum
1115 1856 1361 1910 argenteum

146 1926 236 1966 Aut
265 1927 415 1967 vasum
448 1925 631 1967 ahenum
663 1925 835 1978 raptum
868 1926 941 1965 aut
972 1925 1133 1978 eleptus
1166 1925 1345 1965 lectulus
1361 1924 1412 1979 62)

182 2077 241 2122 60)
279 2076 461 2112 Nimimm
491 2075 692 2111 infinitivus
724 2076 778 2111 est
809 2075 1087 2110 exclamationis
1119 2087 1226 2120 quem
1260 2087 1333 2111 non
1359 2078 1478 2123 magis
1505 2090 1595 2124 opus

86 2137 142 2170 est
166 2136 343 2180 exemplis
367 2136 560 2179 illustrem,
586 2147 696 2179 quam
722 2136 819 2178 quod
842 2136 954 2170 ‘eum’
976 2147 1175 2180 pronomen
1203 2138 1288 2180 post
1307 2137 1595 2172 enuntiationem

87 2193 281 2228 relativam
307 2193 483 2228 omissum
515 2195 572 2229 est
603 2194 661 2228 vel
692 2193 789 2237 quod
814 2193 1033 2238 Astaphium
1058 2203 1129 2228 non
1155 2193 1274 2238 ipsum
1299 2194 1511 2239 adloquitur
1536 2196 1597 2230 Di—

85 2252 294 2297 niarchum,
327 2253 390 2288 sed
421 2265 487 2297 per
517 2253 666 2288 tertiam
697 2263 890 2297 personam
921 2252 966 2287 de
992 2253 1183 2297 praesente
1209 2253 1322 2287 verba
1345 2252 1446 2289 facit.
1499 2254 1596 2296 Quas

86 2311 210 2346 autem
249 2309 448 2354 Seyffertus
484 2309 618 2346 Philol.
655 2311 681 2345 t.
708 2309 847 2345 XXVII
884 2321 919 2355 p.
945 2313 1011 2345 461
1051 2320 1093 2345 ac
1132 2310 1330 2345 Muellerus
1369 2311 1391 2345 l.
1419 2323 1444 2346 s.
1471 2324 1497 2346 s.
1536 2313 1594 2357 (ef.

88 2369 270 2404 ‘Nachtrst
298 2380 332 2412 p.
361 2371 417 2412 19)
445 2369 668 2404 mutationes
693 2369 937 2413 protulerunt,
963 2368 1038 2403 iam
1064 2369 1110 2403 ad
1135 2369 1279 2403 irritum
1305 2370 1451 2405 cadunt.

182 2428 240 2471 61)
269 2425 320 2461 cf.
347 2425 590 2471 Kiesslingius
614 2426 637 2460 1.
665 2438 691 2460 s.
718 2438 746 2460 s.
771 2438 805 2471 p.
833 2430 912 2469 617,
938 2427 1135 2461 Muellerus
1160 2427 1183 2460 1.
1211 2438 1237 2460 s.
1266 2439 1292 2461 s.
1318 2439 1352 2471 p.
1380 2432 1457 2463 610.

181 2486 238 2528 62)
265 2484 306 2518 111
325 2483 510 2519 codicibus
536 2496 618 2519 cum
644 2486 762 2519 exstet
786 2489 851 2520 aut
875 2496 1003 2519 uasum
1029 2486 1180 2519 ahenum
1205 2485 1353 2529 aliquod
1378 2490 1442 2520 aut
1468 2488 1596 2522 electus

87 2543 210 2585 (lectus
229 2541 304 2586 OD)
331 2542 472 2586 laptiles
497 2553 580 2576 cum
606 2542 776 2578 Goellero
801 2543 1105 2588 transposuerunt
1130 2546 1195 2577 aut
1220 2543 1369 2587 aliquod
1393 2555 1423 2578 v.
1446 2556 1479 2579 a.
1525 2545 1595 2580 Sed

86 2601 331 2637 consideranti
363 2601 493 2636 ceteris
524 2601 633 2636 huius
664 2601 924 2637 enuntiationis
955 2602 1127 2637 membris
1160 2613 1225 2637 sua
1250 2602 1458 2647 quibusque
1483 2604 1595 2638 verba

85 2659 190 2694 reddi
221 2660 267 2694 ob
298 2660 415 2704 ipsam
441 2660 673 2704 repetitionis
698 2660 905 2695 molestiam
932 2661 1093 2705 (aliquod
1113 2676 1120 2695 :
1141 2662 1289 2705 aliquod
1309 2676 1316 2695 :
1338 2662 1493 2706 aliquid)
1519 2663 1596 2696 veri

86 2718 241 2755 similius
268 2719 338 2753 erit
355 2729 556 2763 pronomen
574 2719 671 2753 male
691 2719 901 2763 suppletum
920 2719 1071 2753 verbum
1091 2720 1285 2763 expulisse.
1325 2721 1430 2755 Unde
1449 2724 1595 2764 raptum

86 2776 214 2821 scripsi
239 2777 323 2813 coll.
349 2776 477 2810 Pseud.
506 2788 537 2812 v,
560 2780 627 2811 655
642 2788 712 2820 sq.:
738 2777 865 2812 Hostis
889 2777 987 2811 viz-os
1011 2788 1137 2822 rapere
1161 2779 1252 2812 soleo
1278 2789 1321 2813 ex
1346 2780 1438 2813 acie:
1464 2790 1507 2812 eae
1531 2780 1595 2813 hoc

86 2846 215 2871 nomen
241 2836 371 2870 mihist.
424 2835 494 2870 Pol
518 2838 549 2869 te
573 2835 684 2870 multo
708 2836 824 2881 nvayis
847 2836 977 2880 opinor
1000 2827 1088 2870 ‘vasu
1113 2837 1228 2872 ahena
1252 2847 1296 2872 ex
1320 2837 1476 2871 aedibus.
1519 2836 1595 2881 (Vi-
