1688 2978
700 138 989 178 *15-

84 242 147 283 ita
192 242 310 295 ipsae
355 240 521 281 absolvi
565 255 652 281 non
694 244 876 295 possunt
918 242 1002 282 nisi
1048 242 1228 296 singulis
1272 241 1602 295 diligentissime

86 298 392 365 perpensitatis
425 323 474 350 ac
505 311 791 363 pertractatis.

204 379 344 421 Huius
388 395 488 421 vero
531 380 714 422 rationis
759 382 985 424 veritatem
1027 396 1114 424 non
1156 395 1324 436 semper
1362 381 1467 422 satis
1512 396 1602 435 per-

87 453 277 506 spectam
314 451 516 493 habuisse
553 450 747 510 homines
789 453 937 495 doctos
975 452 1061 494 iam
1100 452 1228 494 liceat
1260 452 1465 506 exemplis
1497 466 1601 494 non-

87 522 219 563 nullis
251 522 540 575 comprobare.

203 591 267 632 Ac
306 591 490 645 primum
522 592 691 646 quidem
724 593 918 648 quaestio
951 593 1125 635 inicitur
1156 594 1205 635 de
1238 592 1601 636 contaminatione

87 676 215 716 quam
257 661 408 703 volunt
448 661 630 703 fabulae.
692 662 802 703 Eam
843 663 955 704 enim
998 666 1040 704 et
1078 663 1345 718 Ladewigius
1388 662 1469 704 sibi
1509 677 1602 716 per-

88 730 226 773 suasit
261 747 286 773 a
325 734 452 785 poeta
489 732 733 774 institutam
766 748 857 774 esse
890 736 933 774 et
964 733 1168 775 Dz'iatzko
1202 734 1255 774 ab
1289 733 1405 774 omni
1438 733 1602 773 dubita-

85 803 202 843 tione
235 804 445 843 exemtam
479 803 718 844 autumavit
729 800 791 858 ²⁸).
842 802 1095 857 Quanquam
1127 818 1233 857 quas
1267 804 1505 844 attulerunt
1536 818 1601 844 ra-

90 872 227 914 tiones
259 887 345 914 non
379 872 571 914 sufficere
603 873 689 914 iam
722 872 920 914 Goetzius
953 887 1071 913 meus
1105 873 1413 915 demonstravit
1445 874 1489 914 in
1521 873 1601 914 dis-

89 943 319 985 sertatione
352 958 488 998 nuper
519 943 634 985 edita
646 941 708 1000 29).

207 1013 289 1055 Sed
327 1016 558 1068 antequam
591 1014 643 1055 ad
675 1014 1084 1056 contaminationem
1115 1014 1437 1068 proponendam
1450 1012 1501 1069 ³⁰)
1533 1013 1600 1054 de-

89 1084 355 1135 scenderent,
388 1087 485 1126 ante
517 1084 659 1126 omnia
691 1084 978 1139 quaerendum
1012 1087 1119 1139 erat,
1150 1084 1355 1139 numquid
1388 1083 1598 1137 explorari

86 1159 232 1207 posset
269 1155 331 1195 'de
375 1167 557 1208 graeco
602 1155 732 1208 quod
769 1154 982 1196 Plautus
1021 1158 1225 1196 secutus
1263 1158 1399 1196 esset
1436 1169 1601 1195 exem-

88 1223 241 1279 plari,
273 1224 384 1279 quod
418 1224 488 1266 vix
519 1223 657 1266 adhuc
681 1224 1020 1279 perstrinxerunt
1046 1227 1173 1280 atque
1200 1225 1448 1281 attigerunt.
1489 1224 1600 1266 Nam

90 1294 359 1348 Ladewigius
397 1296 505 1335 nihil
544 1296 786 1349 proposuit,
830 1296 913 1336 nisi
950 1296 1284 1336 contaminatam
1318 1310 1409 1336 esse
1442 1295 1601 1335 Trucu-

89 1364 253 1405 lentum
280 1379 330 1406 ex
354 1364 524 1419 fabulis,
557 1380 735 1419 quarum
763 1365 899 1406 altera
920 1365 1057 1417 simile
1078 1380 1172 1407 cum
1193 1365 1419 1407 Menandri
1440 1364 1601 1405 Thaide

95 1437 393 1488 argumentum
444 1436 718 1490 continuerit,
768 1436 905 1476 altera
946 1435 1166 1487 Ἄγροικο(
1211 1436 1417 1490 quaedam
1460 1436 1601 1476 fuerit.

88 1505 229 1546 Nimis
262 1508 405 1547 autem
437 1509 620 1560 vagatur
650 1505 825 1560 Bergkii
864 1505 1008 1559 opinio
1040 1505 1240 1547 Plautum
1279 1505 1449 1547 mediae*
1475 1521 1603 1560 quam

89 1575 267 1617 dicimus
321 1576 563 1618 comoediae
606 1576 798 1618 fabulam
844 1577 1105 1632 expressisse
1147 1575 1401 1631 dicentisssl).
1493 1577 1602 1627 Quid

182 1742 241 1784 28)
268 1740 442 1784 Ladewig
471 1740 602 1774 ‘Ueber
627 1741 696 1774 den
721 1740 859 1775 Kanon
884 1741 917 1775 d.
953 1740 1047 1774 Volo.
1076 1740 1173 1775 Sed.’
1201 1730 1246 1784 ps
1264 1744 1307 1774 33
1329 1751 1393 1783 sq.,
1425 1740 1602 1774 Dziatzko

88 1798 111 1833 l.
134 1811 160 1834 ε.
182 1811 206 1834 S.
228 1811 261 1843 p.
280 1803 319 1833 61
339 1811 390 1842 sq.
419 1798 529 1842 (Qum
555 1797 719 1832 Schlusse
743 1799 795 1832 sei
818 1809 853 1833 es
876 1802 1037 1843 qestattet
1061 1799 1150 1833 kurz
1176 1798 1248 1840 auf
1267 1798 1324 1832 die
1348 1799 1600 1841 uumeeifel—

87 1857 210 1899 haste
237 1857 533 1891 Contaminatiou
557 1857 617 1891 des
644 1857 885 1891 Truculentus
909 1857 1165 1901 eimuyehen’).

183 1917 240 1959 29)
275 1916 573 1960 ‘Dittoqraphieu
598 1915 648 1949 im
675 1915 945 1949 Plautusteoete’
979 1914 1018 1948 in
1049 1916 1128 1949 Act.
1156 1925 1227 1948 soc.
1254 1914 1345 1958 phil.
1372 1914 1471 1959 Lips.
1498 1917 1524 1948 t.
1551 1915 1601 1949 VI

90 1975 209 2018 (1876)
240 1986 276 2019 p.
303 1978 371 2009 320
392 1986 443 2018 sq.
493 1974 596 2008 Hanc
629 1973 922 2008 dissertationem
940 1974 975 2008 'a
1005 1985 1064 2008 me
1097 1985 1179 2008 cum
1206 1984 1249 2008 ea
1274 1985 1348 2017 qua
1372 1973 1463 2008 mihi
1488 1974 1602 2019 digna

90 2043 168 2067 esse
200 2032 346 2068 videtur
374 2033 483 2068 laude
516 2032 792 2067 commemorari
829 2032 885 2067 fas
918 2044 992 2068 non
1023 2034 1078 2067 est
1107 2033 1258 2078 propter
1291 2044 1469 2067 summam
1509 2045 1601 2076 quac

90 2092 181 2127 mihi
206 2104 288 2128 cum
314 2095 462 2128 auctore
493 2092 688 2127 intercedit
718 2092 1019 2127 familiaritatem.
1071 2091 1142 2126 Sed
1174 2092 1267 2126 illud
1299 2103 1371 2126 nou
1403 2092 1601 2134 dissuadet,

90 2151 153 2185 sed
185 2152 316 2185 suadet
345 2151 510 2186 amicitia
542 2153 580 2185 ut
612 2150 820 2195 praedicem
858 2150 895 2184 in
928 2150 1183 2194 conquirendis
1215 2150 1266 2184 eis
1305 2162 1398 2194 quae
1435 2151 1495 2184 hic
1526 2151 1602 2184 illic

89 2209 253 2254 dispersa
277 2209 444 2245 homines
470 2210 567 2244 docti
595 2210 641 2245 de
666 2210 890 2245 Truculento
917 2208 1145 2253 disputarint
1170 2208 1411 2244 adiutabilem
1435 2208 1540 2242 illum
1568 2210 1606 2243 et

89 2279 174 2303 vere
199 2268 357 2303 amicam
382 2268 476 2303 mihi
502 2279 650 2313 operam
675 2268 911 2313 praestitisse.

184 2328 242 2371 30)
267 2326 321 2360 De
347 2326 720 2361 contaminationibus
744 2326 782 2361 in
806 2326 1017 2361 universum
1042 2326 1196 2370 probare
1223 2336 1279 2359 me
1304 2326 1478 2360 confiteor
1504 2327 1602 2370 quod

89 2388 131 2422 A.
155 2385 373 2432 Spengelius
399 2385 493 2420 dixit
518 2386 595 2421 Eos
619 2387 646 2421 t.
673 2385 708 2420 ΙΙ
733 2386 779 2430 (a.
808 2387 912 2430 1866)
939 2398 973 2431 p.
1002 2389 1078 2420 113.

183 2448 242 2490 31)
268 2445 292 2479 l.
314 2457 340 2479 s.
362 2458 386 2479 s.
408 2457 443 2489 p.
466 2449 549 2479 141:
579 2445 731 2487 ‘lVenn,
755 2445 821 2479 wie
848 2445 969 2479 Cicero
996 2445 1171 2486 beriehtet,
1201 2444 1366 2478 Plautus
1390 2445 1520 2489 yerade
1546 2456 1604 2479 am

94 2504 334 2539 Truculeutus
372 2504 576 2538 besoozderes
608 2504 869 2549 ll'ohlyefallen
904 2504 1014 2547 saud,
1052 2513 1089 2537 30
1127 2503 1259 2537 erkmrt
1293 2503 1368 2537 sich
1404 2503 1480 2537 dies
1514 2503 1606 2538 wohl

89 2563 359 2608 hauptsiichlich
385 2563 534 2605 claraus,
560 2563 644 2597 dass
669 2564 735 2597 das
761 2563 872 2597 Stuck
896 2563 972 2597 eine
996 2563 1071 2605 fast
1094 2572 1188 2606 qam
1212 2562 1451 2606 selbstc'mdiye
1476 2563 1605 2596 Arbeit

89 2623 149 2656 des
174 2623 341 2656 Dichters
365 2623 441 2656 sein
467 2622 575 2663 wird,
610 2622 773 2665 offeubar
803 2622 893 2655 noch
924 2622 964 2655 iu
989 2621 1147 2654 hohen-em
1174 2621 1295 2654 Grada
1321 2621 1375 2654 als
1400 2622 1464 2655 der
1492 2621 1603 2655 Pseu-

89 2680 203 2714 dolus.
253 2680 410 2714 Benutzt
439 2681 487 2713 ist
516 2680 702 2714 ‘naturlich
732 2680 824 2714 auch
854 2680 931 2713 hier
955 2679 1013 2713 eiu
1036 2679 1267 2722 yriechisches
1291 2679 1492 2722 Lustspiel,
1526 2680 1605 2713 und

89 2748 186 2772 zwar
219 2739 311 2774 wohl
343 2739 472 2784 yerade
505 2749 543 2773 so
577 2739 643 2773 wie
676 2739 725 2773 im
753 2739 953 2773 Pseudolus
988 2739 1046 2773 ein
1071 2738 1215 2772 Drama
1240 2738 1303 2772 der
1327 2738 1504 2772 mittleren
1521 2738 1605 2772 ·Ko-

88 2798 239 2838 moedie,
275 2808 349 2832 was
385 2799 493 2832 sehon
530 2797 614 2831 eben
650 2797 793 2831 deshalb
825 2808 898 2830 ‘nur
929 2797 1005 2830 eine
1035 2797 1114 2830 sehr
1143 2796 1232 2838 freie
1263 2796 1511 2840 Bearbeituny
1546 2807 1601 2840 qe-

89 2855 254 2891 stattete’.
301 2855 353 2891 Cf.
380 2855 472 2891 Mus.
499 2855 614 2892 Rhen.
640 2856 666 2890 t.
694 2854 761 2890 XX
787 2856 833 2899 (a.
862 2856 965 2900 1865)
991 2867 1025 2900 p.
1053 2857 1131 2898 290,
1157 2854 1250 2890 thes.
1277 2857 1332 2889 48.
