1688 2978
683 115 972 155 —22—

184 219 362 261 Accedit
395 222 540 261 autem
571 220 683 274 quod
714 220 809 273 ipsa
835 218 1033 273 Sicyonis
1065 220 1330 275 oppugnatio
1363 220 1407 262 in
1438 219 1581 262 Plauti

70 288 235 332 Curcul.
274 304 309 331 v,
342 290 429 331 394
460 305 522 344 sq.
564 304 614 331 ex
658 303 812 345 graeco
850 288 1054 331 nimirum
1094 290 1288 344 exemplo
1330 304 1586 332 commemo-

69 362 198 401 ratur.
261 359 386 408 Quod
420 374 516 400 cum
557 360 643 401 iam
676 359 924 413 Droysenus
939 357 993 413 ⁴²⁴¹)
1039 359 1335 401 observaverit
1367 360 1584 402 Usenerus

69 427 234 470 addidit
271 443 358 470 non
397 429 488 470 sine
527 432 644 471 certa
680 428 846 470 ratione
883 428 928 469 in
966 427 1119 470 Pseud.
1151 444 1188 470 v.
1220 429 1421 484 993sqq.
1463 429 1586 471 1098.

72 499 185 540 1174
225 498 421 553 Sicyonis
463 498 724 540 mentionem
765 498 877 539 inici.
950 497 1101 553 Itaque
1142 498 1230 540 sive
1273 499 1350 540 illa
1392 502 1588 553 tempora

66 569 221 625 quibus
255 568 436 625 Sicyone
469 571 714 624 expugnata
745 566 802 624 (a.
834 568 919 610 303
952 583 987 611 a„
1020 567 1065 610 C.
1097 568 1157 625 n.)
1188 569 1290 611 urbs
1321 569 1588 611 translocata

66 643 110 681 et
159 641 203 681 in
253 640 465 682 Demetrii
516 640 744 693 honorem,
794 653 919 694 quem
968 639 1026 680 ὼ(
1070 640 1233 691 κτίετην
1285 642 1585 681 venerarentur

65 710 210 765 (Diod.
249 711 348 765 XX,
389 711 490 764 1023
541 710 666 759 Paus.
705 709 761 764 II,
804 709 847 765 7)
903 710 971 750 vel
1028 709 1313 752 ‘Demetrias'
1370 709 1587 764 appellata

66 783 180 821 esset
193 779 259 836 45),
292 795 442 822 ansam
473 779 721 833 praebuisse
754 779 978 833 sumimus,
1010 779 1100 821 sive
1132 779 1219 821 alia
1260 779 1433 821 subesse
1476 780 1586 833 quae.

65 853 259 893 nostram
313 850 379 892 vel
430 864 568 892 meam
625 852 737 892 certe
786 849 988 891 notitiam
1043 848 1233 904 fugiunt,
1287 849 1394 892 illud
1451 849 1584 891 stabit

64 921 339 975 manebitque
378 935 461 975 quo
492 920 726 979 Menander
764 922 956 973 tempore
994 920 1167 973 scripsit
1199 921 1342 975 aliqua
1374 921 1424 961 de
1456 935 1585 961 causa

68 990 296 1045 Sicyonem
347 989 734 1044 Sicyoniorumque
788 988 1091 1031 truculentiam
1143 990 1196 1031 ab
1247 989 1584 1032 Atheniensibus

64 1061 224 1102 recenti
256 1060 466 1102 memoria
498 1060 708 1115 agitatam
741 1073 844 1100 esse.

182 1130 275 1171 Iam
307 1129 441 1184 igitur
472 1130 525 1171 ad
556 1129 781 1171 Menandri
814 1128 1061 1183 Sicyonium
1094 1133 1140 1171 ut
1172 1132 1437 1171 revertamur
1469 1129 1583 1172 Stra-

64 1199 265 1254 tophanis
306 1198 663 1253 Stratullacisque
700 1198 895 1253 personis
935 1214 1040 1252 quas
1079 1199 1424 1253 recuperavimus
1456 1199 1586 1241 tertia

65 1269 327 1323 Astaphium
366 1268 559 1311 addenda
596 1271 672 1310 est.
733 1267 846 1310 Nam
887 1267 1036 1309 Suidas
1076 1284 1113 1309 v.
1151 1268 1259 1320 ἅβρα
1297 1284 1347 1311 ex
1386 1269 1585 1324 Sicyonio

65 1339 248 1394 profert:

635 1410 738 1464 [καὶ]
772 1409 907 1461 ἅβραν
938 1409 1019 1460 γὰρ
1052 1408 1374 1461 ἀντωνούμενος

280 1482 499 1533 ἐρωμένην
532 1480 636 1535 αὐτῇ
670 1480 745 1531 μὲν
777 1479 829 1521 οὐ
860 1478 1072 1531 παρέδωκ’
1097 1479 1222 1531 ἔχειν,

280 1553 453 1603 τρέφειν
486 1552 531 1592 δὲ
565 1551 710 1602 χωρίς,
743 1551 801 1592 ὼ(
833 1551 1034 1604 ἐλευθέρᾳ
1066 1553 1228 1602 πρέπει.

67 1645 144 1687 His
178 1646 374 1687 versibus
407 1645 561 1699 quibus
594 1644 829 1686 scribendis
861 1644 1207 1699 explicandisque
1244 1659 1332 1686 non
1363 1660 1447 1687 una
1477 1646 1586 1687 diffi-

67 1717 204 1758 cultas
244 1716 420 1758 offertur
459 1729 719 1771 quamquam
757 1715 865 1757 nihil
903 1716 1132 1770 respondet
1170 1716 1214 1757 in
1245 1716 1389 1758 Plauti
1427 1717 1587 1771 fabula,

66 1787 202 1841 ipsius
235 1790 379 1828 tamen
412 1787 562 1839 ἅβρας,
594 1786 762 1840 faveae,
793 1786 1179 1841 delicataefquam
1212 1790 1398 1838 ευνεχῶε
1424 1802 1584 1839 πεμπο-

67 1859 214 1908 μένην,
260 1857 531 1908 περίκουρον,
558 1857 827 1916 Λτιμιωτάτην
870 1860 956 1899 τῶν
1000 1855 1377 1913 θεραπαινίδωνω)
1422 1861 1587 1912 vocant,

163 2044 221 2085 44)
254 2042 307 2077 Cf.
341 2041 535 2086 Droysen.‚
571 2041 709 2077 ‘Gesch.
737 2043 771 2076 d.
799 2042 910 2077 Heu?
939 2043 963 2076 t.
992 2042 1005 2075 I
1038 2053 1072 2086 p.
1100 2045 1167 2077 507
1194 2042 1296 2085 adn.;
1341 2042 1523 2077 Usencrus
1548 2042 1586 2077 in

69 2100 193 2146 Symb.
221 2100 312 2146 phil.
340 2100 455 2135 Bonn.
485 2100 652 2135 ‘Nachtr.
678 2111 707 2135 z.
735 2101 856 2136 Gesch.
882 2101 915 2135 cl.
943 2104 1006 2136 att.
1037 2100 1176 2135 Thea&
1205 2112 1239 2145 p.
1267 2105 1345 2135 592.

162 2163 219 2203 45)
247 2160 301 2195 Cf.
327 2160 505 2204 Droysen.
531 2159 554 2194 l.
582 2171 608 2194 s,
635 2171 661 2193 s.
687 2172 721 2204 p.
744 2164 811 2195 438
832 2171 910 2203 sqq.
945 2163 1010 2194 503
1031 2171 1109 2203 sqq.
1366 2158 1369 2161 ’

162 2221 221 2263 46)
266 2218 417 2253 Summo
460 2218 599 2253 honore
643 2229 726 2252 cum
770 2217 882 2253 etiam
926 2217 1147 2262 Astaphium
1191 2228 1303 2262 penes
1345 2217 1586 2254 Phronesium

68 2278 199 2313 floreat
223 2289 267 2312 ex
300 2290 371 2313 uno
404 2279 484 2313 loco
517 2277 791 2322 corruptissimo
824 2276 942 2312 critici
973 2275 1108 2311 acriter
1138 2287 1220 2311 eam
1244 2276 1427 2322 increpari
1452 2278 1499 2312 ab
1525 2289 1588 2313 era

67 2335 276 2370 effecerunt.
327 2336 424 2370 Nam
459 2334 680 2371 adveniente
713 2336 764 2378 II,
791 2340 822 2378 6,
853 2339 893 2369 19
920 2334 1039 2369 milite
1065 2334 1129 2369 ubi
1161 2335 1298 2369 ancilla
1321 2338 1463 2371 monet:
1489 2348 1587 2372 nuuc

68 2394 136 2428 tibi
169 2396 275 2438 opust
312 2404 459 2438 aeyram
495 2397 537 2428 ut
575 2396 607 2428 te
645 2393 838 2428 adsimules
862 2392 1100 2427 Phronesium
1130 2393 1223 2429 Tace
1258 2394 1465 2439 respondet,
1503 2394 1587 2429 dein

68 2452 248 2496 sequitur:

119 2521 185 2556 Cui
211 2521 332 2556 adhuc
359 2533 427 2567 ego
453 2523 494 2557 tu
520 2522 620 2557 mala
645 2533 765 2557 meam
792 2522 940 2557 emonet
964 2521 1063 2556 ruria
1087 2533 1146 2557 me
1172 2522 1332 2558 malficio
1358 2522 1551 2566 uinccrest‚

69 2591 166 2626 unde
201 2591 421 2636 Spengelius
456 2592 594 2627 effecit:
636 2592 719 2627 Seio
750 2603 811 2637 eqo
840 2593 915 2628 hoe.
953 2595 993 2626 tu
1023 2593 1159 2627 malum
1188 2594 1244 2627 me'
1271 2594 1505 2635 monitura's,
1534 2595 1590 2627 me'

70 2651 225 2694 malficio
256 2650 439 2685 vinceres?
484 2663 527 2686 ac
559 2652 704 2686 retento
735 2663 788 2686 me
818 2652 973 2695 malfieio
1004 2652 1161 2687 vinceres
1195 2651 1454 2687 Fleckeisenus
1492 2652 1585 2686 Ann.

69 2708 160 2753 phil.
187 2710 212 2744 t.
241 2708 285 2743 CI
312 2721 346 2755 p.
376 2713 441 2743 782
468 2710 551 2744 Hui
568 2710 580 2754 ΙΙ
601 2710 717 2755 Qua‘m
741 2721 802 2755 eqo
833 2731 870 2737 —
902 2714 942 2745 tu
967 2711 1064 2745 mala
1088 2712 1144 2745 me'
1166 2710 1394 2752 monitura's,
1425 2710 1586 2745 Bueche-

69 2767 166 2802 lerus
193 2767 281 2803 ibid.
308 2769 334 2803 t.
363 2767 423 2803 CV
449 2781 483 2813 p.
505 2772 572 2804 572
602 2769 698 2815 Quoi
721 2770 839 2804 adhuc
863 2780 924 2814 ngo
950 2780 1046 2804 eram
1071 2769 1259 2811 mo'netrioe,
1289 2771 1328 2804 tu
1352 2769 1438 2812 iam,
1463 2769 1585 2805 Maeh-

68 2827 151 2871 lyus
184 2827 206 2860 l.
240 2839 268 2862 s.
294 2839 318 2860 s,
353 2838 388 2870 p.
420 2831 501 2861 120:
543 2828 642 2872 Quid
673 2839 734 2873 ⁶90
766 2823 973 2863 adsimulem
1007 2830 1061 2864 me'
1089 2828 1316 2863 monitura’s.
1368 2828 1437 2864 Sed
1469 2829 1587 2864 fateor
