1688 2978
695 70 868 110 —62
933 88 991 98 —-‘

77 172 231 224 faoeim'
263 173 288 214 i.
310 188 343 213 0.
362 174 549 225 faximus
579 174 711 215 fuisse
738 174 987 214 crediderim
1009 198 1061 203 ——-
1083 174 1127 214 in
1153 173 1329 214 eandem
1355 173 1603 214 societatem

80 242 293 298 adscisco,
335 247 488 299 utpote
521 244 632 303 quod
665 259 716 286 ex
746 260 784 286 v.
816 244 874 285 40
906 244 959 285 ad
990 244 1121 286 verba
1151 245 1290 286 devnus
1321 258 1370 285 ac
1399 244 1475 285 siet
1504 257 1602 297 sup-

79 313 245 366 pletum
285 314 354 356 sit.
417 314 531 357 Nam
564 318 612 356 ut
644 314 813 369 singula
844 313 992 368 verba,
1024 314 1087 355 ita
1118 328 1411 369 quamcunque
1449 328 1500 354 ex
1539 313 1600 354 eis

81 384 339 425 extricamus
380 387 640 427 sententiam
678 384 1029 426 molestissimam
1068 385 1368 438 repetitionem
1400 384 1603 439 praebere

82 454 320 508 intelleges.
382 454 474 496 Iam
513 469 613 497 vero
655 455 709 496 ab
748 454 829 495 hoc
867 454 1158 495 additamento
1192 457 1419 508 postquam
1451 456 1604 508 poetae

81 525 325 566 orationem
357 525 648 579 liberavimus,
680 525 811 579 plana
843 527 885 566 et
917 527 1068 579 aperta
1094 524 1224 565 etiam
1250 539 1287 566 v.
1307 525 1364 565 42
1391 525 1604 578 scriptura

81 594 245 635 evadet.
295 593 493 649 Namque
526 595 702 636 eandem
736 595 1047 636 sententiarum
1080 595 1441 636 constructionem
1474 594 1629 636 habe-.

80 679 175 705 mus
209 679 338 718 quam
371 664 514 705 Aulul.
547 664 630 715 III,
663 664 702 718 5,
733 665 761 705 4
782 679 890 719 sqq.:

259 758 373 800 Nam
406 759 500 800 111οό
532 757 703 813 quidem
736 759 878 800 animo
912 758 948 799 si
979 756 1090 799 idem
1122 757 1287 799 faciant
1318 757 1460 811 ceteri,

259 828 565 883 Opulentiores
598 829 901 884 pauperiorum
934 828 1053 871 filias

259 899 319 941 Ut
350 898 569 942 indotatas
602 901 761 941 ducant
792 902 944 942 uxores
978 900 1170 941 domum:

213 963 216 967 ’
258 970 317 1012 Et
347 971 486 1013 multo
520 971 597 1012 fiat
628 969 781 1012 civitas
815 971 1065 1013 concordior

256 1041 314 1082 Et
346 1040 509 1082 invidia
539 1055 618 1082 nos
650 1040 814 1082 minore
846 1043 1017 1082 utamur
1049 1056 1176 1095 quam
1207 1042 1377 1083 utimur.

85 1133 227 1182 Quare
258 1134 319 1175 Et
348 1148 425 1188 pro
457 1147 566 1175 nnnc
599 1134 663 1175 vel
694 1135 800 1175 unde
831 1148 1010 1187 repono,
1043 1135 1331 1189 corruptelam
1364 1137 1505 1176 autem
1537 1135 1599 1176 ita

79 1207 219 1246 ortam
242 1219 335 1246 esse
355 1204 609 1258 putaverim,
635 1206 683 1245 ut
708 1218 758 1244 ex
784 1218 932 1245 versus
953 1204 996 1245 in
1015 1204 1138 1245 libris
1158 1201 1448 1246 antecedentis
1474 1204 1597 1246 initio

77 1276 226 1330 (q)um
252 1275 428 1330 (ostrae)
460 1275 616 1317 iterum
648 1276 759 1316 male
792 1275 954 1329 aliquid
985 1276 1216 1330 repetitum
1247 1276 1388 1318 fuerit.

195 1417 323 1458 Haec'
344 1417 474 1458 habui
507 1417 909 1471 impraesentiarum
941 1417 991 1457 de
1023 1416 1282 1477 Truculento
1316 1432 1422 1472 quae
1455 1418 1596 1472 dispu-

76 1490 226 1529 tarem.
290 1486 452 1536 Quibus
497 1487 701 1540 quoniam
724 1487 788 1527 -in
831 1487 1013 1541 prologo
1058 1487 1240 1528 maxime
1285 1490 1328 1528 et
1370 1488 1414 1529 in
1458 1488 1597 1542 prima

78 1572 234 1599 scaena
253 1557 397 1598 Plauti
430 1558 669 1599 orationem
703 1560 746 1597 et
778 1557 831 1598 ab
852 1557 1045 1604 ,aliorum
1078 1557 1244 1598 ratione
1276 1558 1379 1599 satis
1412 1558 1594 1599 dissimi-

76 1630 159 1669 lem
192 1631 235 1669 et
266 1628 310 1668 in
341 1627 560 1668 nonnullis
594 1629 747 1669 saltem
780 1628 814 1668 si
847 1642 943 1681 spes
974 1642 1061 1668 non
1093 1627 1247 1669 fefellit
1278 1629 1342 1670 sui
1375 1629 1594 1684 aliquanto

77 1699 328 1739 similiorem
360 1698 544 1752 reddidi,
578 1713 731 1751 oper-ae
759 1698 942 1751 pretium
968 1697 1156 1738 facturus
1184 1713 1275 1738 esse
1303 1698 1409 1739 mihi
1438 1698 1595 1749 videor,

76 1769 111 1809 si
157 1783 250 1810 eam
295 1783 422 1823 quam
466 1768 652 1810 assecuti
698 1782 842 1809 sumus
887 1782 1086 1809 versuum
1132 1767 1471 1825 seripturan1110)
1516 1770 1593 1811 sub

75 1840 201 1880 finem
235 1839 482 1880 continuam
515 1852 766 1892 proponam.

666 1967 1008 2009 PROLOGVS

195 2052 455 2106 Perparvam
487 2053 654 2106 partem
687 2051 882 2105 postulat
912 2051 1090 2093 Plautus
1123 2051 1205 2093 loci

192 2122 256 2163 De
288 2122 447 2164 moeris
479 2122 647 2176 magnis
681 2123 810 2176 atque
843 2122 1036 2164 amoenis
1067 2122 1293 2163 moenibus

192 2192 386 2233 Athenas
419 2207 502 2247 quo
526 2193 625 2233 sine
658 2192 904 2233 architectis
938 2192 1142 2234 conferat.

192 2263 304 2312 Quid
335 2262 478 2304 minc?
511 2263 679 2304 daturin
713 2262 816 2304 estis
850 2277 905 2303 an
936 2263 1050 2304 non?
1084 2288 1135 2292 —
1173 2263 1374 2305 aidnuont.

131 2344 150 2373 5
190 2333 352 2375 Urbem
385 2335 457 2375 6re
490 2333 572 2375 huc
606 2334 700 2375 dico
734 2347 800 2374 me
834 2333 1074 2375 adlaturum
1108 2332 1198 2375 sine
1232 2348 1364 2375 mora.

192 2404 301 2453 Quid
335 2404 375 2446 ss
404 2405 453 2446 de
487 2402 636 2447 vostro
670 2403 891 2459 quippiam
924 2403 1124 2446 exorem?
1157 2429 1212 2434 -—
1245 2404 1448 2447 abnuont.

188 2474 284 2516 Heu
316 2475 459 2517 hercle
493 2476 537 2517 in
568 2463 691 2517 vobi's
724 2474 913 2516 re‘sident
944 2489 1083 2517 mores
1114 2473 1299 2529 pristini,

188 2545 257 2587 Ad
289 2545 582 2601 denegandum
615 2548 662 2586 ut
694 2545 821 2587 celeri
854 2545 1004 2600 lingua
1036 2545 1229 2587 utamini.

168 2675 250 2715 110)
278 2672 510 2716 Quamquam
536 2672 713 2706 nonnulla
739 2682 864 2706 eorum
891 2682 985 2714 quae
1011 2672 1187 2716 proposui
1207 2683 1249 2706 ex
1269 2672 1403 2707 misera
1421 2674 1588 2708 codicum

69 2730 337 2776 depravatione
363 2730 543 2777 eiusmodi
569 2732 668 2773 sunt,
701 2740 795 2774 quae
827 2728 888 2764 vix
920 2730 956 2763 in
982 2730 1102 2775 ipsum
1129 2732 1340 2765 contextum
1365 2742 1472 2775 quem
1500 2731 1588 2766 dici-

69 2802 150 2825 mus
177 2790 390 2835 reciperem,
416 2790 445 2825 si
472 2789 619 2834 quidem
647 2789 893 2824 editionem
920 2789 1163 2833 adparaturus
1191 2801 1316 2826 essem.
