1688 2978
690 73 952 114 -ss-

61 178 394 233 discrepantiam
426 177 538 219 nihil
577 178 759 233 probare
797 177 998 231 dicerem,
1037 177 1208 219 etiamsi
1248 177 1456 220 alterutra
1486 191 1586 219 vera

62 249 276 303 scriptura
314 251 439 290 esset.
500 248 614 290 Nam
656 251 703 290 ut
740 249 985 290 meretricem
1023 249 1059 289 si
1096 248 1141 289 in
1180 249 1413 304 archetypo
1453 249 1585 290 fuisse

62 319 312 374 statuimus,
343 318 470 361 facile
498 319 651 374 aliquis
679 319 729 361 de
762 320 889 374 partu
909 317 1136 360 Phronesii
1163 319 1358 374 cogitans
1385 319 1584 361 simulato

61 390 308 431 obstetricem
339 381 579 444 inserebat,
618 390 682 430 ita
712 390 794 429 hoc
827 389 863 429 si
896 389 1113 440 exstabat,
1149 391 1394 431 meretricem
1425 391 1585 444 fingere

62 461 253 514 poterat,
299 459 371 514 qui
415 459 503 500 iam
547 459 762 514 peperisse
806 458 1030 500 mulierem
1074 461 1307 513 reputaret.
1368 459 1461 502 Iam
1505 459 1585 501 etsi

64 531 334 571 meretricem
368 530 550 571 absurde
583 529 926 581 commemorari,
965 529 1242 570 obstetricem
1274 531 1342 571 vel
1380 531 1432 571 ad
1463 544 1584 584 puer-

66 615 215 655 peram
255 603 297 642 et
329 600 396 641 die
435 600 610 642 lustrico
645 603 743 654 apte
776 599 935 642 accersi
966 599 1251 643 Buechelerus
1290 604 1450 656 monet,
1492 616 1584 643 eam

64 674 210 712 tamen
241 673 355 712 recte
389 670 642 725 Spengelius
674 672 807 725 negat
838 670 919 712 hoc
959 670 1052 711 loco
1085 670 1168 712 dici
1206 686 1350 726 posse,
1388 672 1487 726 quia
1525 671 1586 713 sic

64 758 151 784 non
183 758 309 784 versu
341 743 511 784 demum
544 742 600 784 92
632 742 683 783 de
714 744 842 800 partu
874 741 1131 784 Diniarchus
1164 758 1366 797 quaerere
1402 743 1585 785 deberet.

66 811 148 852 Sed
174 826 227 852 ne
248 812 532 853 Buechelerus
559 811 729 865 quidem
757 811 999 852 obstetricem
1025 811 1223 865 retinuit,
1255 812 1328 853 sed
1360 815 1584 866 utrumque

64 882 321 923 vocabulum
357 882 409 923 ab
443 882 676 935 interprete
711 881 900 922 additum
933 894 1025 921 esse
1053 895 1102 922 ex
1135 881 1229 935 ipso
1261 882 1468 924 librorum
1502 882 1585 923 dis-

65 967 193 992 sensu
233 953 440 1006 colligens
479 951 756 1005 transpositis
795 951 1014 992 vocabulis
1048 950 1278 1005 additaque
1309 955 1347 992 et
1375 952 1588 1005 particula

65 1024 108 1062 et
140 1026 183 1063 tu
216 1024 314 1063 ante
343 1023 519 1076 femina,
550 1036 637 1063 non
669 1023 768 1075 post
798 1023 905 1063 viride
937 1021 1096 1062 omisso
1129 1022 1375 1075 proposuit:

278 1115 394 1156 mala
424 1115 585 1155 femina
611 1129 655 1156 es
683 1117 725 1155 et
756 1114 867 1155 unde
900 1117 946 1154 tu
980 1128 1023 1154 es
1057 1114 1147 1155 oles
1180 1128 1273 1154 eam
1307 1113 1587 1169 disciplinam.

65 1209 124 1248 At
158 1209 226 1249 vix
260 1212 365 1262 puto
391 1209 650 1249 Areliilincm
680 1222 836 1247 nomen
867 1208 1067 1260 ignotum
1099 1209 1412 1261 spectatoribus
1445 1210 1588 1262 aliquo

64 1279 250 1320 caruisse
295 1279 501 1334 epitheto.
563 1278 823 1320 Acutissime
867 1292 967 1319 vero
1013 1278 1106 1332 ipse
1151 1278 1334 1320 coniecit
1375 1278 1587 1333 Bergkius

65 1349 243 1388 candem
277 1364 368 1389 esse
403 1349 668 1389 Archilinem
701 1363 797 1388 cum
829 1349 1014 1388 tonstrice
1044 1348 1173 1399 Sara,
1206 1362 1333 1400 quam
1365 1348 1428 1400 H,
1460 1349 1506 1401 4,
1532 1349 1584 1388 51

66 1420 109 1459 et
140 1417 215 1473 IV,
246 1419 292 1474 4,
319 1419 345 1461 3
384 1417 666 1460 Phronesium
710 1417 920 1470 nominat,
965 1432 1072 1473 quae
1105 1416 1179 1471 IV,
1207 1417 1232 1459 3
1278 1432 1373 1460 cum
1412 1416 1587 1461 Callicle

64 1489 305 1542 inquirente
338 1489 383 1529 in
414 1503 611 1529 scaenam
644 1488 797 1541 prodit.
840 1487 1047 1536 Quocirca
1073 1502 1167 1529 cum
1195 1489 1422 1529 tonstricem
1448 1502 1590 1529 neces-

67 1558 179 1600 sario
212 1558 526 1600 restituendum
558 1558 632 1611 sit,
669 1572 811 1599 norme
849 1558 986 1600 tricem
1018 1560 1188 1600 tantum
1221 1558 1413 1612 syllabas
1446 1559 1491 1600 in
1524 1574 1588 1601 ar-

65 1629 253 1681 chetypo
288 1628 538 1681 apparuisse
571 1630 614 1668 et
645 1628 689 1668 in
720 1630 901 1681 utraque
933 1628 1176 1669 recensione
1216 1629 1328 1669 male
1367 1629 1588 1683 suppletas

67 1713 160 1740 esse
188 1698 372 1740 maxime
399 1700 731 1740 consentaneum
752 1697 846 1739 est?
887 1696 966 1739 Sed
993 1697 1099 1739 illud
1126 1713 1221 1740 cum
1247 1698 1381 1753 probe
1401 1698 1588 1740 Bueche-

66 1771 180 1810 lerus
227 1770 598 1822 animadverterit,
642 1783 730 1809 cam
774 1783 1011 1822 pronomen
1049 1769 1092 1809 in
1130 1768 1167 1809 A
1201 1772 1417 1810 servatum
1462 1783 1588 1823 aegre

66 1841 164 1883 tolli
192 1843 234 1882 et
259 1839 408 1895 quovis
436 1839 563 1882 modo
591 1839 924 1894 recuperandum
951 1854 1061 1891 esse,
1093 1840 1236 1881 nescio
1265 1854 1319 1882 an
1349 1839 1412 1882 ita
1442 1855 1586 1882 versus

66 1910 394 1952 constituendus
428 1911 502 1951 sit:

278 2002 541 2045 tonstricem.
590 2003 707 2045 Mala
732 2003 812 2045 tu's
840 2003 1017 2057 femina,
1049 2004 1138 2045 oles
1172 2019 1265 2045 eam
1298 2003 1410 2044 unde
1440 2003 1474 2045 ’s
1506 2004 1588 2046 dis-

919 2073 1134 2127 ciplinam.

67 2168 179 2209 Huic
212 2169 304 2210 1000
338 2167 768 2223 αιῖίυηςῆωηρτεωῃ
803 2167 864 2221 II,
896 2168 941 2217 2,
969 2168 1042 2221 63,
1074 2167 1148 2209 ubi
1180 2182 1265 2209 non
1297 2168 1422 2209 modo
1453 2170 1590 2211 ceteris

68 2240 111 2280 in
158 2241 337 2292 utroque
381 2238 543 2291 pariter
586 2238 706 2279 fonte
746 2240 992 2291 corruptum
1032 2252 1082 2278 ex
1120 2238 1314 2280 illecebris
1351 2252 1444 2280 esse
1482 2239 1588 2286 satis

68 2309 304 2364 probabilis
337 2309 594 2364 Kiesslingii
627 2308 870 2351 coniectura
901 2307 1046 2364 estu),
1087 2324 1234 2351 verum
1267 2309 1397 2351 etiam
1429 2309 1475 2351 in
1506 2325 1588 2365 quo

69 2380 314 2433 discrepant
346 2381 578 2433 vocabulo,
610 2381 860 2421 ornamentis
885 2380 936 2433 P,
967 2380 1232 2421 hortamentis
1259 2380 1316 2433 A,
1347 2380 1495 2421 eodem
1528 2395 1589 2420 re-

69 2449 307 2491 vocandum
352 2451 444 2492 erit.
506 2449 620 2491 Nam
665 2464 758 2490 cum
802 2464 880 2490 nec
916 2450 1165 2491 ornamentis
1201 2451 1373 2491 tueatur
1410 2448 1590 2492 Poenuli

1096 2518 1107 2535 C

70 2521 187 2560 locus
225 2519 263 2573 I,
295 2520 422 2574 3,16
468 2535 594 2574 quem
635 2519 858 2561 Goellerus
904 2519 1052 2560 attulit
1111 2519 1197 2560 iam
1242 2522 1285 2560 et
1328 2520 1589 2562 ornamentis

71 2591 175 2632 meis
218 2593 260 2631 et
305 2591 597 2645 sycophantiis
636 2590 774 2632 Tuum
813 2590 1069 2633 exornabo
1114 2589 1323 2632 villicum'
1367 2592 1410 2631 et
1454 2589 1588 2633 horta-

167 2732 222 2773 14)
250 2731 272 2764 1.
301 2743 326 2765 s.
355 2743 379 2764 s.
408 2742 441 2774 p.
465 2735 543 2773 629,
571 2731 615 2765 cf.
643 2730 681 2765 E.
703 2730 881 2774 Boeckel,
908 2730 1035 2766 Exere.
1062 2730 1182 2765 Plaut.
1205 2728 1335 2764 Carlsr.
1363 2729 1418 2766 ed.
1445 2742 1476 2765 a.
1499 2734 1587 2766 1872

71 2801 103 2834 p,
136 2793 266 2833 1⁴2sqq.
