1688 2978
693 104 745 108 .-
809 78 865 120 54
933 103 979 107 -

76 183 269 236 mizllzeft,
302 185 350 224 ut
381 197 697 238 recuperemus:

226 275 308 317 Sed
341 275 591 329 ecquisnam
623 277 763 319 illist?
794 264 1098 331 Astaphiumst
1129 275 1349 318 ancillula.

76 370 203 412 Nunc
241 369 494 424 priusquam
533 369 578 410 in
615 371 779 424 primae
825 385 1000 412 scaenae
1038 369 1443 423 interpolationibus
1479 367 1595 409 inda-

76 439 228 496 gandis
269 453 445 495 pergam
484 440 535 482 de
574 440 755 483 duorum
793 455 900 496 quos
939 454 1067 494 supra
1105 439 1233 482 attuli
1264 453 1463 481 versuum
1495 437 1595 480 scri-

76 514 204 565 ptura
244 511 515 552 tractandum
548 514 623 553 est.
690 511 755 553 Ac
786 512 973 565 primum
1006 511 1174 565 quidem
1206 526 1244 552 v.
1274 510 1330 552 55
1370 511 1416 551 in
1455 509 1596 550 multis

77 581 312 623 hominibus
352 580 724 636 languidissimum
761 584 861 636 post
897 582 943 623 in
982 595 1130 636 mayno
1154 581 1306 635 populo
1343 580 1476 621 miror
1506 582 1595 621 tam

78 651 150 692 diu
194 651 453 693 sollicitasse
495 653 711 693 neminem
726 651 789 707 99),
833 668 929 693 cum
968 668 1021 693 ne
1059 652 1276 693 codicibus
1316 651 1485 706 quidem
1524 651 1597 692 sed

77 720 330 763 camerario
363 722 579 764 debeatur.
641 722 692 763 In
724 723 846 764 libris
879 723 994 764 enim
1026 723 1155 764 inest:

196 815 419 857 Postremo
451 815 500 858 id
534 829 689 871 magno
722 816 881 870 populo
914 817 965 857 in
997 816 1061 872 (in
1092 817 1250 871 populo
1284 814 1383 871 CD)
1417 815 1599 857 mulier

928 886 1183 928 hominibus.

77 969 227 1023 Itaque
259 969 304 1009 in
336 968 448 1022 quod
481 967 601 1010 vario
634 967 728 1010 loco
762 967 986 1010 exhibetur
1016 968 1078 1010 nil
1110 968 1193 1010 nisi
1226 967 1533 1011 correctionem
1553 969 1600 1011 id

78 1038 194 1081 vocis
229 1053 321 1081 esse
354 1040 497 1081 exstat
529 1040 658 1094 atque
690 1038 860 1080 eminet.
903 1037 952 1079 In
980 1039 1182 1081 extremis
1210 1041 1355 1081 autem
1386 1039 1598 1082 mulierho-

77 1110 257 1152 ‘minibus
287 1110 421 1151 latere
453 1110 662 1152 mulierem
688 1110 979 1152 accusativum
1007 1125 1056 1152 eo
1082 1111 1287 1153 libentius
1314 1111 1599 1166 agnoscimus,

79 1180 179 1235 quia
211 1193 337 1235 aegre
369 1181 448 1222 tali
482 1179 773 1222 additamento
806 1195 998 1222 caremus
1031 1181 1084 1222 ad
1117 1182 1247 1223 verba
1277 1195 1419 1223 amare
1448 1185 1601 1235 oportet

78 1252 211 1293 onmis
240 1253 312 1304 qui
342 1253 450 1304 quod
477 1253 572 1293 dent
599 1251 756 1292 habent.
806 1250 926 1300 Quod
958 1266 1054 1293 cum
1086 1266 1171 1293 non
1204 1252 1430 1306 procedere
1456 1252 1598 1294 videa-

79 1325 150 1364 tur
194 1322 249 1364 ob
294 1322 549 1364 versiculum
595 1321 866 1363 interiectum
909 1335 951 1363 re
974 1322 1145 1375 placida
1174 1325 1292 1375 atque
1323 1323 1452 1364 otiosa
1483 1323 1601 1366 victis

78 1393 276 1446 hostibus,
314 1393 496 1433 alteram
534 1392 755 1445 utriusque
788 1406 933 1432 versus
965 1395 1133 1445 partem
1167 1395 1473 1434 commutatam
1507 1409 1599 1435 esse

82 1478 245 1516 censeo,
266 1463 380 1518 quod
400 1463 568 1505 facilius
588 1461 742 1504 accidit
762 1462 805 1503 in
826 1462 1047 1504 versiculis
1065 1462 1335 1504 membratim
1352 1463 1498 1506 incisis
1514 1462 1599 1521 ¹⁰⁰);

81 1548 210 1589 quare
242 1548 320 1589 pro
352 1532 904 1588 multer(lc)om:mulierem⁷
936 1547 1013 1586 pro
1040 1533 1177 1574 zmbus
1202 1534 1268 1574 vel
1294 1547 1601 1577 mzuuszmarzs

81 1604 293 1645 restitutis
325 1604 610 1659 assequimur:

1036 1741 1057 1763 x

81 1792 204 1826 autem
245 1802 281 1835 p.
308 1794 376 1825 426
414 1789 473 1834 (cf.
503 1789 686 1836 fNachtr?
721 1801 756 1834 p.
787 1791 867 1833 157)
904 1800 969 1834 pro
1003 1789 1053 1823 At
1086 1788 1179 1824 vidit
1211 1789 1282 1824 Sed
1314 1791 1599 1835 exspectandum

81 1861 177 1883 esse:
216 1849 314 1892 quod
348 1848 468 1892 ipsum
494 1848 676 1892 corrigere
703 1848 762 1882 vix
789 1848 885 1882 iusto
912 1847 1089 1882 audacius
1115 1848 1202 1891 erit,
1235 1848 1417 1892 siquidem
1444 1850 1493 1893 ΙΙ,
1521 1856 1552 1893 2,
1580 1855 1600 1885 6

81 1919 149 1953 pro
175 1907 246 1942 Sed
272 1907 319 1942 ab
346 1907 377 1940 A
404 1906 551 1941 servato
577 1906 639 1940 Ad
664 1905 704 1950 B,
732 1906 782 1939 At
808 1905 850 1948 D,
879 1906 955 1939 Aut
982 1905 1008 1940 C
1034 1905 1158 1941 habet.
1208 1907 1286 1940 Iam
1313 1917 1399 1941 vero
1425 1919 1495 1943 non
1523 1909 1601 1943 tam

81 1969 145 2002 hoc
171 1966 267 2000 male
293 1965 489 2008 insertum,
522 1976 632 2008 quam
665 1965 783 2008 ecquis
815 1964 911 1999 male
943 1965 1144 2008 repetitum
1170 1977 1249 2000 esse
1274 1965 1413 2010 iudico,
1451 1970 1493 2002 ut
1518 1978 1601 2002 con-

118 2036 210 2059 lam:

82 2037 115 2060 lc
326 2070 398 2106 Sed
425 2069 639 2114 ecquisnam
665 2069 783 2104 illist‘?
809 2069 878 2104 hoc
904 2069 1069 2114 aperitur
1095 2069 1241 2104 ostium.

82 2142 231 2178 Etenim
251 2141 469 2176 Strabacem
494 2140 657 2175 nondum
683 2139 784 2175 aedis
809 2140 985 2184 pulsasse,
1013 2139 1077 2174 sed
1097 2140 1318 2184 Astaphium
1344 2152 1425 2175 cum
1446 2141 1509 2177 ille
1530 2154 1603 2178 non

84 2200 269 2246 extemplo
294 2199 393 2234 intro
418 2198 505 2233 ierit
530 2200 659 2243 sponte
685 2197 865 2243 prodiisse
890 2198 950 2242 (cf.
971 2198 1022 2241 ΙΙ,
1049 2202 1080 2243 4,
1109 2203 1125 2232 1
1148 2200 1216 2243 sq.)
1241 2199 1361 2243 prima
1386 2199 1464 2234 eius
1490 2201 1604 2236 verba

83 2260 345 2295 demonstrant.
397 2257 494 2292 Nam
526 2256 601 2292 alia
633 2257 726 2292 Men.
754 2269 785 2292 v.
815 2261 882 2292 676
913 2256 1081 2292 condicio
1114 2258 1169 2291 est
1200 2256 1263 2291 ubi
1294 2259 1490 2302 postquam
1521 2260 1601 2304 pul-

84 2320 189 2354 sante
214 2317 456 2353 Menaechmo
488 2316 655 2351 Erotium
691 2316 797 2358 exiit,
836 2317 921 2350 ante
956 2315 1058 2350 aedis
1093 2316 1194 2351 astat
1224 2328 1261 2352 se
1296 2316 1381 2352 ‘sibi
1412 2317 1603 2353 inimicum

83 2377 202 2421 magis
216 2387 339 2421 ,quam
365 2375 522 2410 amicae’
550 2376 588 2409 et
612 2374 717 2409 vultu
745 2376 783 2409 et
807 2374 906 2409 dicto
933 2374 1100 2418 prodens.

180 2437 238 2479 99)
264 2435 361 2470 Nam
387 2434 517 2469 eodem
542 2434 618 2469 fere
643 2433 756 2477 redit,
783 2433 881 2477 quod
909 2432 1086 2478 Bergkius
1113 2433 1135 2468 l.
1162 2445 1188 2469 s.
1215 2445 1242 2468 s.
1268 2446 1303 2478 p.
1331 2438 1375 2469 84
1401 2435 1604 2470 innumeris

83 2495 290 2530 hominibus
315 2493 427 2528 dedit.

159 2556 240 2599 100)
277 2553 330 2588 Ac
362 2563 406 2587 ne
438 2551 519 2596 quis
550 2552 716 2596 opponat
748 2550 876 2586 eodem
914 2561 1023 2595 quem
1055 2550 1269 2586 sustulimus
1300 2550 1428 2586 ordine
1460 2554 1603 2588 exstare

84 2614 195 2649 Poen.
222 2613 291 2656 ΙΙΙ,
320 2616 424 2656 1,21:
453 2611 689 2646 ‘Praesertim
716 2610 754 2645 in
779 2621 817 2645 re
843 2610 973 2655 populi
998 2609 1148 2655 placida
1173 2611 1284 2654 atque
1310 2611 1514 2646 interfectis
1538 2612 1604 2647 ho-

85 2672 231 2716 stibus,’
258 2671 358 2706 idem
385 2672 513 2706 contra
537 2681 647 2715 quem
672 2668 900 2705 restituimus
925 2669 963 2704 in
989 2668 1102 2704 Persa
1126 2670 1292 2704 servatur
1316 2682 1350 2705 v.
1377 2674 1461 2706 753:

204 2741 382 2778 Hostibus
407 2742 532 2787 victis,
559 2741 700 2776 civibus
726 2740 854 2785 salvis,
881 2742 919 2776 re
944 2740 1091 2785 placida
1116 2740 1267 2785 pacibus
1291 2740 1463 2785 perfectis

208 2802 311 2841 Bello
339 2801 519 2848 extincto,
546 2803 583 2839 re'
610 2802 702 2837 bene
728 2802 844 2847 gesta,
870 2801 1014 2846 integro
1040 2799 1202 2836 exercitu
1228 2800 1264 2835 et
1289 2798 1480 2845 praesidiis
1506 2803 1567 2836 cet.
