1688 2978
376 725 885 768 DISPVTATIONIS
923 725 1325 767 SVMMARIVM

181 840 240 875 De
268 840 552 876 Ambrosiani
579 841 982 886 Palatinorumquc
1008 840 1224 877 memoria
1248 853 1283 885 p.
1306 845 1430 876 1-14.
1469 841 1606 876 Eorum

87 902 125 934 in
159 901 384 935 Truculento
422 900 691 944 discrepantias
730 912 773 935 ex
809 899 1138 944 grammaticorum
1168 899 1423 943 librariumve,
1462 911 1534 933 non
1566 910 1609 934 ex

88 957 307 992 histrionum
334 957 603 992 mutationibus
628 958 847 1002 repetendas
868 969 947 993 esse
972 958 1027 992 ita
1046 957 1333 1000 demonstratur,
1359 959 1402 994 ut
1426 958 1534 994 simul
1561 958 1606 993 de

88 1016 328 1052 emendandis
355 1028 438 1066 cuin
464 1016 549 1050 aliis
576 1016 665 1051 locis
690 1018 770 1050 tum
803 1018 852 1060 ΙΙ,
872 1021 904 1060 2,
927 1021 986 1058 17;
1014 1017 1045 1059 Ι,
1066 1021 1098 1059 2,
1119 1020 1181 1058 29;
1208 1017 1257 1059 ΙΙ,
1279 1021 1311 1059 2,
1333 1020 1395 1059 63ς
1420 1017 1471 1060 ΙΙ,
1493 1020 1525 1059 4,
1545 1021 1607 1058 33;

89 1074 122 1116 Ι,
150 1079 182 1117 2,
209 1078 253 1109 78
274 1085 352 1117 sqq.
380 1074 524 1118 agatur.
575 1073 635 1107 De
661 1085 823 1118 graeco
848 1073 1001 1108 Plauti
1028 1074 1235 1118 exemplo
1261 1086 1298 1118 p.
1326 1077 1474 1108 15—37.
1525 1074 1609 1108 Non

87 1131 285 1174 Thaidem,
323 1131 387 1166 sed
413 1130 628 1175 Sicyonium
653 1131 847 1167 Menandri
879 1131 1088 1167 adhibitam
1121 1143 1198 1166 esse
1226 1130 1424 1178 colligitur.
1474 1131 1527 1164 Ex
1554 1131 1607 1165 in-

87 1189 197 1224 certis
222 1189 417 1224 Menandri
448 1189 666 1234 fragmentis
697 1202 881 1234 numquae
908 1190 1080 1235 Sicyonio
1113 1190 1292 1225 vindicari
1323 1189 1466 1234 possint
1497 1200 1608 1233 quae-

86 1248 190 1283 ritur.
234 1248 289 1300 De
310 1247 473 1293 Sicyonii
499 1247 666 1293 vestigiis
691 1249 791 1293 apud
810 1248 1073 1293 Alciphroncm
1100 1248 1378 1293 Lucianumque
1403 1249 1605 1292 deprehen-

87 1305 227 1341 dendis.
278 1306 337 1341 De
365 1306 633 1341 Truculenti
658 1307 848 1351 prologo
874 1319 910 1351 p.
937 1311 1088 1341 38—45.
1140 1306 1402 1352 Adiunguntur
1426 1307 1607 1350 quaedam

87 1365 132 1398 de
170 1364 261 1398 locis
299 1364 487 1399 nonnullis
524 1376 590 1409 per
625 1365 829 1408 παρήχηειν
868 1364 1088 1409 insignibus.
1146 1366 1204 1401 De
1242 1365 1388 1410 prima
1424 1365 1609 1400 fabulae

88 1435 252 1458 scaena
295 1435 328 1467 p.
363 1427 536 1458 48—-62
600 1423 774 1467 Sequitur
816 1423 961 1468 prologi
998 1424 1212 1469 primaeque
1252 1434 1406 1459 scaenae
1444 1424 1608 1458 recensio

90 1481 212 1525 qualis
239 1492 281 1515 ex
308 1479 378 1515 hac
404 1481 654 1526 disputatione
680 1481 847 1516 efficitur.

504 1764 714 1806 INDEX
760 1764 1182 1807 SURIPTORVM

87 1868 260 1903 Afranius
481 1876 483 1878 ’
869 1868 1069 1902 Menander

135 1926 249 1961 Thais
546 1938 581 1971 p.
611 1931 652 1962 17
679 1939 710 1962 a.
725 1932 781 1962 36.
915 1926 1028 1961 Thais
1328 1940 1364 1973 p.
1392 1932 1435 1963 16
1449 1940 1525 1972 sqq.

86 1985 291 2029 Alciphron
916 1984 1107 2029 Sicyonius
1329 1998 1362 2031 p.
1393 1990 1540 2021 18-37

133 2043 251 2089 Epist.
278 2044 310 2089 I,
336 2048 380 2079 35
396 2056 448 2089 sq.
546 2057 580 2090 p.
604 2049 663 2089 11;
690 2049 731 2080 31
751 2057 828 2091 sqq.
914 2044 1059 2090 Fragm.
1086 2044 1155 2080 inc.
1181 2045 1231 2080 IX
1328 2058 1363 2091 p.
1390 2049 1434 2081 56

258 2104 308 2147 ΙΙ,
334 2108 367 2147 4,
395 2108 437 2138 19
547 2117 581 2148 p.
609 2109 649 2138 21
680 2108 781 2139 a.43.
1111 2103 1278 2137 LXXXII
1327 2115 1363 2148 p.
1390 2108 1434 2138 28

242 2161 310 2206 ΙΙΙ,
337 2166 381 2197 50
519 2178 523 2181 ·
549 2175 583 2208 p.
611 2166 672 2206 34;
699 2167 743 2198 36
758 2175 810 2208 sq.
1095 2162 1279 2197 CXXXIII
1327 2175 1363 2207 p.
1390 2167 1434 2198 27

85 2217 211 2255 Alexis
1033 2220 1282 2256 CLXXXVIII
1330 2233 1364 2266 p.
1392 2225 1436 2255 29

134 2277 325 2323 Sicyonius
547 2291 582 2324 p.
610 2283 653 2314 25
669 2292 720 2324 sq.
1141 2278 1281 2314 CCXLI
1329 2291 1364 2324 p.
1391 2283 1434 2314 27

88 2337 368 2382 Harpocration.
1124 2336 1280 2372 CCXCII
1329 2349 1364 2381 p.
1392 2340 1435 2373 29

133 2407 166 2429 v.
194 2395 402 2430 ἀναίνεεθαι
551 2408 586 2440 p.
614 2400 658 2430 24
866 2395 1046 2430 Pacuvius

84 2453 269 2489 Lucianus
913 2467 947 2489 v.
974 2457 1042 2489 320
1068 2454 1110 2488 R.
1325 2465 1360 2498 p.
1388 2457 1432 2489 46
1490 2499 1494 2502 ῃ

132 2512 248 2556 Epist.
276 2512 351 2547 Sat.
378 2512 447 2546 XX
548 2525 582 2558 p.
611 2518 654 2548 35
681 2525 713 2549 a.
737 2519 780 2550 68
865 2512 1021 2548 Photius

133 2571 266 2607 Toxar.
293 2571 506 2606 XIII—XV
550 2584 584 2617 p.
612 2577 656 2607 35
671 2585 724 2617 sq.
913 2584 947 2606 v.
974 2572 1214 2615 (ερατοφάνη
1326 2583 1362 2616 p.
1392 2575 1433 2606 19
1448 2582 1501 2615 sq.

84 2630 266 2679 Macarius
866 2630 998 2665 Pollux

131 2689 217 2733 VII,
244 2693 287 2724 62
303 2701 354 2733 sq.
545 2702 582 2735 p.
609 2694 651 2724 21
668 2702 720 2734 sq.
913 2689 974 2733 IV,
1002 2693 1068 2724 119
1328 2699 1363 2733 p.
1391 2691 1435 2723 25

84 2747 286 2783 Menander
865 2747 1047 2783 Publilius
1072 2747 1186 2792 Syrus

136 2806 329 2852 Epiclerus
552 2818 588 2851 p.
615 2810 660 2841 30
685 2816 718 2840 a.
737 2809 780 2841 5'9
912 2818 945 2841 v.
972 2810 1039 2840 351
1066 2806 1108 2840 R.
1329 2817 1363 2851 p.
1392 2809 1437 2840 24
1463 2817 1495 2842 a.
1516 2809 1562 2841 49
