1688 2978
681 111 973 152 -20-

68 214 349 256 Menandrum
391 229 569 270 puerum
610 218 832 270 praeterea
872 215 1099 258 adduxisse
1137 218 1260 259 miles
1292 217 1475 270 videtur,
1519 217 1587 258 cui

67 285 245 327 Plautus
270 299 361 326 rem
388 300 653 341 exaggerans
680 286 784 328 duas
812 286 991 327 ancillas
1018 286 1242 328 substituit
1271 288 1327 343 II,
1346 289 1385 343 6,
1404 289 1459 330 49
1481 302 1587 342 sqq.:

128 413 136 420 .
157 412 166 420 .
186 413 195 421 .
216 412 224 420 .
246 379 402 420 adduxi
435 381 614 422 ancillas
646 379 734 422 tibi
766 395 885 422 eccas
918 394 968 420 ex
1001 379 1125 434 Syria
1158 380 1275 423 duas.

127 439 169 490 ss
202 452 244 490 te
277 449 401 491 dono.
435 450 614 503 [adduce
649 450 729 491 hoc
760 452 808 491 tu
840 450 956 491 istas.
989 450 1062 491 sed
1095 451 1203 492 istae
1235 451 1410 506 reginae
1441 452 1557 493 domi

130 519 242 560 Suae
274 520 392 560 fuere
425 521 589 573 ambae,
622 523 768 561 verum
795 536 938 562 earum
966 521 1151 573 patriam
1178 535 1257 575 ego
1285 521 1426 563 excidi
1447 537 1587 564 manu.

128 579 170 631 fs
203 593 245 631 te
278 590 420 643 dono.]
484 590 595 632 Phr.
628 591 879 632 Poenitetne
912 591 954 632 te
986 593 1088 645 quot
1121 590 1301 632 ancillas
1335 592 1446 633 alam

128 659 263 709 Qusne
289 659 534 715 examen‘ss)
562 661 889 714 superadducas‚
915 663 1024 714 quae
1050 661 1156 702 mihi
1183 661 1397 702 comedint
1416 663 1587 704 cibum?

68 753 218 806 Itaque
251 768 374 794 versu
408 754 484 794 illo
499 752 553 809 42)
599 754 710 808 apud
748 753 1029 794 Menandrum
1071 754 1209 795 amica
1246 755 1455 796 donorum
1495 756 1587 797 vili-

68 826 202 865 tatem
254 824 496 879 exagitasse
546 824 716 866 videtur
772 838 1001 879 eorumque
1057 824 1309 866 memoriam
1364 839 1587 867 revocasse

68 894 216 948 militi,
263 895 335 935 ubi
369 895 411 935 in
445 897 635 936 extrema
665 894 837 936 fabulae
869 897 990 948 parte
1023 898 1216 935 amantes
1250 895 1372 936 donis
1405 897 1588 936 muneri-

67 965 231 1019 busque
265 979 455 1007 amorem
486 966 668 1007 invicem
701 967 887 1019 captant.

187 1035 458 1090 Quamquam
497 1036 547 1077 de
585 1036 666 1078 hoc
697 1035 920 1076 Menandri
959 1036 1052 1077 loco
1091 1036 1292 1077 iudicium
1325 1036 1458 1077 animi
1490 1051 1587 1090 pen-

71 1105 202 1159 debit,
234 1106 318 1147 nisi
352 1107 447 1148 aliis
480 1106 717 1148 rationibus
744 1102 1059 1147 Truculentum⁷
1080 1120 1175 1146 eum
1209 1105 1409 1160 Sicyonio
1440 1106 1584 1148 cohae-

68 1189 161 1216 rere
205 1176 445 1230 approbare
488 1177 613 1218 nobis
658 1176 892 1230 contingat.
974 1175 1112 1224 Quare
1156 1176 1457 1231 gravissimum
1501 1176 1586 1217 iam

67 1348 174 1384 affert
207 1349 475 1394 Stratophanes
507 1349 566 1393 (cf.
594 1349 824 1394 Antiphanes
853 1348 969 1395 [Com.
997 1348 1057 1383 Gr.
1083 1350 1109 1383 t.
1137 1349 1204 1395 III]
1234 1352 1292 1392 18,
1319 1353 1357 1383 2:
1398 1351 1514 1392 μέλλει
1546 1351 1585 1383 δὲ

66 1407 205 1442 (υνθείε
243 1419 295 1442 (οι
333 1408 459 1451 φέρειν
496 1409 550 1442 Τὰ
588 1410 838 1451 κινναμώμινα
875 1411 993 1442 ταῦτα
1030 1409 1088 1441 καὶ
1125 1409 1171 1442 τὰ
1208 1409 1372 1452 νάρδινα)
1410 1409 1516 1444 Truc.
1543 1409 1586 1452 II,

68 1470 105 1509 6,
134 1470 195 1501 58:
1191 1506 1196 1510 .

115 1528 164 1569 Et
188 1535 262 1570 iam
289 1536 396 1570 nihili
422 1536 553 1580 pendit
578 1548 777 1580 purpuram
805 1537 841 1579 (i.
869 1535 1080 1580 χλανίδιον).
1131 1537 1257 1570 e'ecum
1284 1547 1327 1570 ex
1353 1536 1490 1571 Arabia
1515 1536 1584 1570 tibi

115 1590 246 1629 Adtuli
270 1596 347 1638 tus,
374 1595 492 1630 Ponto
518 1606 722 1630 amomum:
748 1596 832 1630 tene
858 1595 927 1629 tibi
953 1594 1124 1638 voluptas
1150 1605 1243 1629 mea.

69 1664 129 1699 Sic
162 1665 259 1699 enim
294 1665 443 1710 egregie
474 1667 557 1710 post
584 1666 752 1700 Muelleri
778 1665 1079 1709 Fleckeisenique
1113 1666 1265 1699 conatus
1293 1665 1536 1699 Buechelerus
1561 1665 1585 1698 l.

66 1736 91 1757 s.
121 1735 147 1756 s.
174 1735 208 1767 p.
237 1727 305 1757 572
327 1723 409 1758 'loci
445 1725 669 1758 sententiam
701 1723 881 1766 restituit,
919 1734 1037 1767 neque
1069 1723 1178 1758 metri
1210 1723 1334 1768 gratia
1367 1724 1426 1758 ‘ex
1450 1722 1586 1757 Arabia

66 1783 193 1816 eccum
225 1782 317 1816 tibi’
351 1783 466 1817 verba
498 1784 714 1818 collocanda
740 1794 816 1817 esse
842 1782 1072 1827 Brugmanus
1098 1782 1121 1817 1.
1149 1794 1175 1817 s,
1203 1795 1228 1816 s,
1256 1794 1290 1826 p.
1319 1787 1359 1816 21
1388 1781 1585 1826 persuasit3

69 1841 131 1874 sed
164 1841 211 1875 ob
244 1841 410 1875 codicum
437 1841 595 1886 vestigia.
620 1842 742 1876 nescio
769 1853 816 1875 an
842 1852 907 1885 pro
933 1842 1042 1875 nihili
1067 1841 1114 1875 ab
1140 1840 1248 1875 Valla.
1273 1840 1422 1874 inducto
1448 1841 1587 1874 mmmzc'

66 1900 231 1943 praestet
251 1900 351 1942 (num
371 1900 461 1933 mali
479 1899 581 1943 libri3
607 1900 786 1933 nummuli
805 1910 876 1933 non
897 1899 1014 1942 licet);
1042 1899 1140 1942 quod
1160 1899 1228 1933 etsi
1248 1899 1341 1932 alias
1361 1909 1433 1932 non
1453 1899 1584 1938 exstat,

66 1959 192 1991 tamen
218 1957 347 2000 quidni
373 1968 490 2001 aeque
515 1969 558 1992 ac
574 1951 705 1992 “flocci
731 1957 905 2002 pendere'
934 1956 1007 1991 dici
1032 1957 1196 2001 potuerit
1223 1956 1379 1991 ‘nummi
1404 1956 1580 2001 pendere’

67 2026 140 2049 non
166 2014 291 2058 video,
324 2026 407 2049 cum
434 2015 634 2048 ‘nummus'
663 2014 876 2059 saepissime
902 2014 1084 2059 significet
1109 2015 1313 2048 minumum
1339 2015 1497 2058 pretium
1525 2015 1583 2057 (cf.

61 2062 162 2108 ”nr-ix.
190 2074 236 2108 ad
264 2074 363 2109 Trin.
398 2086 431 2109 v.
459 2078 553 2117 844).
606 2073 751 2108 ‘Addit'
793 2074 916 2108 autem
954 2074 1038 2118 post
1073 2073 1232 2118 ‘pendit’
1273 2072 1448 2107 traditum
1488 2072 1585 2116 quod

66 2132 325 2167 Fleckeisenus
350 2132 579 2177 vituperavit
604 2132 641 2165 in
667 2132 986 2167 emendationibus
1004 2133 1214 2176 neglectum
1236 2142 1313 2166 esse
1338 2132 1361 2165 l.
1377 2143 1403 2165 s.
1419 2143 1445 2165 s.
1466 2134 1491 2165 t.
1506 2131 1585 2166 ClII

66 2205 100 2237 p.
117 2189 184 2226 813
211 2191 320 2226 facile
346 2189 434 2226 oriri
461 2191 609 2235 poterat
635 2201 677 2224 ex
703 2190 957 2235 dittographia
984 2190 1150 2234 syllabae
1176 2189 1583 2234 (PE)NDIT:ADDIT.

158 2251 216 2293 41)
249 2253 333 2294 quot
365 2250 520 2284 ancillas
551 2250 648 2283 alam
682 2248 878 2293 Spengelio
910 2249 1081 2292 debetur,
1116 2250 1224 2293 quine
1249 2260 1395 2283 eoeamen
1421 2248 1584 2293 Hauptio

65 2309 187 2343 Herm.
214 2310 240 2342 t.
256 2308 306 2341 ΠΙ
333 2320 366 2351 p.
383 2312 464 2351 229,
489 2318 611 2341 verum
636 2318 760 2340 earum
785 2307 962 2341 Muellero
987 2319 1022 2351 p.
1050 2313 1118 2341 (300
1146 2319 1228 2341 eum
1255 2307 1432 2351 Seyfferto
1451 2298 1585 2342 Philol‘.

64 2369 91 2401 t.
118 2367 236 2401 XXIX
263 2378 297 2410 p.
325 2370 404 2400 411.
456 2365 580 2399 Verba
605 2366 729 2398 autem
754 2365 786 2398 is
811 2367 843 2398 te
867 2365 961 2399 dono
987 2366 1025 2399 et
1050 2365 1187 2399 adduce
1212 2368 1252 2399 tu
1276 2366 1366 2399 istas
1391 2364 1450 2408 (cf.
1472 2377 1504 2398 v.
1527 2365 1584 2407 60)

65 2437 148 2459 cum
180 2425 406 2469 ineptissime
438 2423 558 2468 repeti
590 2423 772 2457 Usenerus
802 2423 1028 2467 perspexerit
1059 2424 1151 2459 Ann.
1178 2423 1268 2468 phil.
1295 2424 1320 2459 t.
1349 2423 1429 2458 CIII
1454 2435 1488 2467 p.
1516 2425 1584 2456 814

66 2483 118 2518 eis
143 2495 216 2518 non
241 2485 319 2518 tam
346 2483 517 2518 lacunam
544 2481 676 2516 misere
704 2481 888 2525 expletam
914 2492 991 2516 esse
1018 2493 1100 2516 cum
1125 2481 1191 2516 illo
1218 2481 1447 2525 crediderim,
1473 2492 1584 2524 quam

64 2543 178 2576 verba
208 2543 269 2575 sed
299 2543 389 2576 istae
422 2542 568 2584 reginae
599 2541 697 2574 domi
722 2561 764 2564 —
792 2541 911 2574 eaecz‘dz‘
934 2551 1047 2574 manu
1072 2540 1126 2575 ita
1151 2540 1299 2574 aliunde
1325 2540 1469 2575 adscita
1495 2550 1583 2582 esse,

65 2602 107 2635 ut
131 2600 331 2645 repetitum
357 2598 450 2633 illud
475 2599 508 2633 is
533 2601 565 2632 te
589 2599 684 2632 dono
710 2598 1006 2642 interpolationis
1032 2598 1214 2633 ambitum
1238 2598 1387 2632 indicet.

159 2661 218 2701 42)
251 2658 374 2692 Etiam
405 2657 497 2692 illud
529 2657 733 2691 notandum
765 2658 821 2691 est
852 2657 1102 2701 septenarium
1135 2669 1178 2691 ex
1209 2668 1345 2701 graeca
1374 2656 1501 2691 fabula
1533 2656 1584 2690 sic

64 2718 111 2752 ad
147 2727 318 2752 scaenam
353 2716 479 2750 referri
515 2727 537 2750 a
571 2715 704 2749 Plauto
738 2714 826 2749 item
860 2715 1078 2759 septenariis
1110 2715 1366 2760 conscriptam.
1415 2714 1583 2749 Naberus

64 2777 162 2810 enim
187 2778 337 2820 praeter
361 2775 621 2809 necessitatem
647 2784 712 2817 per
736 2774 857 2807 Λιτόν
883 2774 1065 2808 senarium
1093 2774 1234 2808 indicat
1259 2774 1387 2808 contra
1409 2772 1584 2808 Meinekii

63 2833 358 2877 descriptionem.
