1688 2978
678 126 851 167 -34
918 147 986 155 —-

120 229 230 277 Quia
270 231 330 270 nil
369 230 508 271 habeo
547 230 634 271 vim
673 231 757 271 iam
798 231 940 271 amovi
977 230 1095 271 hinc:
1140 230 1284 270 6nmia
1322 242 1448 283 agam
1486 242 1578 281 pre-

910 314 1039 340 cario.

62 392 112 432 ln
145 392 343 445 proxima
369 396 512 434 autem
540 408 692 434 scaena
718 408 813 434 cum
834 393 1091 434 Diniarchus
1119 393 1250 435 dicat:
1283 393 1382 434 Sine
1404 391 1580 445 experiri

59 462 116 517 (ν.
131 462 219 518 40),
251 463 512 517 Astaphium
539 466 744 517 tanquam
772 462 807 503 si
834 461 1069 504 audivisset
1094 463 1199 504 haec
1225 464 1356 505 verba
1381 463 1580 517 replicat:

58 534 193 573 Immo
224 535 427 585 opperire:
459 536 531 574 vis
561 536 628 574 cst
659 534 878 585 capey-frier
897 531 960 587 67).

179 601 261 643 Sed
305 606 475 657 praeter
518 603 596 643 has
639 602 916 655 Alciphrouis
963 602 1171 656 epistulas
1217 604 1345 644 etiam
1385 604 1483 644 libri
1515 601 1579 642 ΠΙ

61 674 183 726 epist.
205 674 262 714 50
295 674 348 714 ad
382 672 630 726 Sicyonium
663 673 873 725 respicere
905 672 1090 713 videtur:
1123 673 1200 714 οὐκ
1232 673 1435 725 ἀνέχομαι
1467 673 1582 724 ὁρῶν

60 742 304 792 Ζευξίππην
348 744 425 793 τὴν
468 742 740 793 ἱππόπορνον
788 741 961 792 ἀπηνῶς
1005 745 1065 796 τῷ
1110 744 1307 798 μειρακίῳ
1347 744 1579 794 χρωμένην.

60 812 110 852 οὐ
144 812 225 861 γὰρ
261 814 500 852 δαπανᾶται
533 813 591 853 εἰ(
624 813 756 862 αὐτὴν
789 812 959 862 χρυείον
991 811 1124 862 μόνον
1151 814 1218 853 καὶ
1244 812 1456 864 ἀργύριον,
1489 810 1583 853 ἀλλ’

61 883 140 932 ἤδη
174 883 241 922 καὶ
274 883 482 923 ευνοικίαε
515 883 581 923 καὶ
614 882 780 933 ἀγρούς.
831 884 856 934 ἡ
883 884 929 923 δὲ
957 883 1025 924 ἐπὶ
1057 884 1191 924 πλέον
1223 883 1472 934 ἐκτύφεεθαι
1503 883 1580 923 τὸν

62 951 201 1001 ἔρωτα
233 952 372 1005 τούτῳ
406 953 686 1002 μηχανωμένη
719 955 795 992 τοῦ
827 952 1019 1002 Εὐβοέως
1051 953 1152 1002 ἑρᾶν
1185 956 1473 1002 προεποιεῑται
1505 956 1581 993 τοῦ

64 1022 300 1071 νεανίεκου,
348 1022 420 1062 ἵνα
458 1023 524 1062 καὶ
557 1022 711 1063 τούτου
746 1023 985 1073 (παθήεαεα
1018 1022 1153 1063 οὕτω(
1185 1021 1253 1063 ἐπ’
1283 1021 1416 1063 ἄλλον
1447 1023 1581 1076 τρέψῃ

60 1092 137 1131 τὸν
176 1090 325 1141 ἔρωτα.
390 1092 475 1140 ἐγὼ
519 1092 565 1131 δὲ
605 1091 819 1141 ὀδυνῶμαι
851 1093 929 1142 τὴν
961 1092 1136 1141 καρδίαν
1168 1091 1282 1141 ὁρῶν
1314 1092 1582 1142 ὑπορρέοντα

62 1164 268 1202 τοεοῦτον
309 1164 511 1211 πλοῦτον,
557 1162 608 1202 ὃν
653 1161 692 1201 οἱ
730 1165 951 1212 μακαρῖται
990 1162 1104 1215 αὐτῷ
1146 1161 1294 1203 Λυεία(
1339 1161 1405 1201 καὶ
1444 1162 1581 1203 Φανο-

65 1231 216 1282 (τράτη
268 1232 507 1272 κατέλιπον.
581 1231 607 1271 ἃ
657 1231 738 1281 γὰρ
792 1232 944 1272 ἐκεῖνοι
995 1231 1084 1272 κατ’
1124 1232 1283 1283 ὀβολὸν
1333 1232 1583 1282 ευνήγαγον,

64 1301 231 1351 ἀθρόως
264 1300 418 1341 ἀναλοῖ
454 1301 504 1341 τὸ
537 1302 797 1342 πολύκοινον
829 1305 956 1343 τοῦτο
990 1303 1055 1343 καὶ
1088 1301 1365 1353 αἰεχρότατον
1396 1301 1582 1351 γύναιον.

62 1370 155 1411 Ηοο
188 1370 284 1410 loco
318 1384 413 1411 cum
447 1370 639 1411 condicio
673 1371 873 1412 universa
899 1372 952 1412 ad
978 1371 1258 1413 Phronesium
1286 1370 1583 1411 Diniarchum-

63 1455 143 1494 que
188 1440 370 1494 quadrat
408 1464 463 1468 —
505 1440 618 1493 quod
661 1455 814 1493 parum
859 1444 924 1481 est
962 1465 1020 1470 —
1064 1444 1156 1481 tum
1199 1455 1307 1494 quae
1352 1440 1404 1480 ad
1448 1439 1583 1480 nimia

64 1511 302 1552 amantium
341 1510 455 1551 dona
497 1509 775 1550 describenda
814 1510 1040 1551 adhibetur
1077 1511 1236 1551 locutio
1276 1510 1481 1551 ευνοικίαε
1519 1511 1585 1551 καὶ

66 1581 223 1633 ἀγρούς
255 1596 343 1622 non
368 1583 512 1634 potest
536 1594 623 1621 non
650 1580 693 1621 in
719 1581 969 1622 memoriam
995 1595 1192 1622 revocare
1217 1584 1314 1622 sunt
1335 1580 1438 1622 mihi
1463 1581 1585 1622 etiam

60 1653 185 1703 fundi
215 1655 251 1691 et
281 1652 393 1691 aedis
403 1664 415 1697 ‚·
447 1637 646 1702 siquidem
676 1651 795 1692 habes
823 1652 1001 1702 liuidum
1032 1654 1151 1703 atque.
1174 1653 1306 1701 aedes,-
1337 1665 1432 1704 euye
1459 1652 1584 1703 fundi

63 1725 101 1763 et
130 1722 259 1774 aedis,
308 1734 381 1773 per
413 1722 567 1773 tempus
597 1720 855 1769 subvenisti&
903 1734 1000 1762 nam
1028 1721 1152 1773 fandi
1182 1724 1219 1761 et
1247 1722 1360 1762 aedis
1390 1721 1587 1774 obliyatae

63 1796 160 1832 sunt
191 1792 237 1832 ob
262 1791 424 1845 (artioris
446 1792 667 1842 praedium
700 1791 759 1844 (l,
792 1792 836 1843 2,
871 1792 937 1832 72.
971 1791 1037 1831 75.
1069 1792 1136 1832 84.
1180 1791 1240 1844 II,
1276 1792 1311 1844 1,
1343 1791 1400 1844 4).
1463 1790 1584 1839 Quod

278 1906 432 1940 Omnem
460 1911 535 1940 reni
564 1907 735 1948 noscunt,
761 1904 927 1950 geminos
953 1906 1156 1941 Alcumena
1181 1905 1344 1940 enititur.

66 1977 307 2020 Nequaquam
346 1975 436 2009 licet
471 1986 552 2009 cum
593 1974 799 2019 Spengeliis
838 1974 983 2019 (Philol.
1018 1978 1043 2009 t.
1072 1976 1173 2010 XVII
1207 1975 1255 2021 [a.
1292 1975 1396 2021 1858]
1432 1987 1466 2019 p.
1499 1980 1585 2018 5623

66 2035 365 2078 T.M.P1.p.239)
384 2034 543 2076 yeminos
557 2032 721 2076 eiciatur,
743 2033 789 2067 ad
804 2045 958 2077 quorum
977 2034 1362 2068 commemorationem
1379 2033 1587 2078 argumenti

67 2104 210 2127 summa
234 2092 378 2133 tendat;
408 2092 471 2125 sed
493 2092 521 2125 si
540 2092 698 2136 {Jeminos
717 2103 809 2126 cum
829 2093 895 2126 illa
916 2092 1171 2126 substituimus
1190 2093 1361 2137 (yeminos
1381 2093 1446 2126 illa
1466 2091 1587 2135 Both.,

66 2187 235 2222 Fleckeis
250 2187 273 2230 )‚
300 2185 409 2219 facile
436 2186 594 2229 apparet
619 2186 832 2230 suppletum
859 2197 936 2220 esse
964 2160 1200 2230 (Ancumii‘la.

164 2271 222 2312 67)
251 2268 321 2302 Sed
348 2267 461 2302 etiam
489 2280 521 2302 v.
550 2268 609 2310 IV,
641 2272 669 2309 1,
698 2271 737 2300 11
767 2267 908 2310 aliquid
935 2267 1152 2302 mutandum
1178 2269 1250 2302 est:

116 2351 148 2373 ιο
209 2338 315 2372 Nunc
343 2337 574 2382 speculabor,
601 2336 689 2380 quid
715 2336 767 2370 ibi
792 2338 936 2381 agatur,
962 2338 1042 2380 quis
1068 2346 1130 2371 eat
1155 2337 1263 2381 iutro,
1290 2338 1352 2381 qui
1377 2337 1474 2371 foras

211 2396 362 2431 Veniat:
388 2394 516 2439 procul
542 2393 630 2428 hinc
657 2395 870 2439 Observabo,
897 2397 987 2429 meis
1015 2395 1102 2439 quid
1128 2395 1283 2431 fortunis
1309 2396 1399 2430 fuat.

68 2470 151 2503 Non
183 2468 356 2502 observat
387 2466 484 2500 enim
511 2465 730 2499 Diniarchus
763 2465 851 2508 quid
883 2465 1038 2499 fortunis
1065 2465 1138 2499 suis
1164 2466 1246 2509 fiat,
1284 2477 1368 2500 cum
1394 2465 1487 2500 nihil
1512 2466 1587 2501 iam

68 2528 222 2571 habeat,
261 2526 323 2560 sed
356 2538 444 2560 uum
476 2525 570 2559 forte
604 2524 752 2558 fortuna
783 2524 964 2567 quaedam
997 2535 1245 2568 prosperaque
1280 2524 1351 2559 sibi
1386 2535 1423 2558 se
1458 2523 1590 2559 offerat

68 2586 222 2621 occasio.
263 2584 383 2626 Quare
408 2596 491 2618 cum
516 2583 601 2617 libri
627 2582 832 2626 praebeant
856 2583 979 2616 miles
1003 2583 1092 2626 quid
1116 2583 1278 2625 fortunis
1302 2583 1387 2625 fuat
1411 2593 1586 2626 reponen-

69 2644 156 2678 dum
188 2643 258 2677 erit
287 2643 344 2677 mi
374 2643 450 2677 illi
474 2644 514 2676 si
537 2642 626 2686 quid
650 2641 835 2684 fortunae
857 2641 941 2683 fuat
967 2652 1010 2674 ac
1035 2640 1167 2675 deinde
1194 2642 1236 2674 ut
1263 2652 1387 2674 versus
1412 2640 1590 2675 consistat

69 2715 143 2737 non
175 2702 252 2736 sine
284 2701 505 2738 elocutionis
539 2701 789 2736 emolumento
820 2701 941 2734 veniat
972 2700 1168 2734 delendum
1196 2699 1327 2734 misere
1354 2699 1400 2734 ad
1427 2700 1507 2744 quis
1531 2703 1589 2735 eat

68 2764 179 2804 intro,
203 2762 268 2806 qui
291 2762 393 2804 fora-s*
418 2761 649 2806 suppletum:

281 2832 415 2867 Procul
440 2832 525 2865 hinc
553 2831 755 2866 observabo
783 2829 832 2864 mi
859 2829 914 2864 illi
940 2830 970 2863 si
995 2829 1082 2873 quid
1109 2829 1277 2863 fortunae
1302 2829 1392 2863 fuat.
