1688 2978
708 72 997 112 -55-

305 177 526 219 Postremo
558 177 602 218 in
633 190 789 232 magno
821 176 1000 232 populo,
1031 176 1168 218 victis·
1189 176 1398 230 hostibus,

304 247 366 288 Re
396 246 566 301 placida
598 249 727 303 atque
759 247 899 289 otiosa
930 248 1150 288 mulierem
1170 247 1316 304 ⁵maris

304 317 462 358 Amare
495 319 666 372 oportet
697 317 834 359 omnis
867 318 940 374 qui
972 318 1083 373 quod
1115 318 1217 359 dent
1246 318 1422 380 habent.

94 423 300 465 Graviore
332 422 574 476 corruptela
605 423 734 464 etiam
768 438 805 464 v.
820 424 876 465 64
907 423 1076 465 laborat
1108 421 1178 476 (cf.
1197 438 1236 477 p.
1257 422 1332 478 52)
1365 437 1447 477 quo
1476 422 1606 477 Spen-

93 493 196 549 gelii
229 493 487 547 scripturam
518 507 605 534 non
636 495 702 534 est
734 492 846 548 quod
877 496 977 548 post
1007 492 1316 533 Buechelerum
1351 493 1605 546 vituperem3

91 578 227 618 neque
265 563 308 604 id
340 564 451 618 quod
489 562 777 618 Kiesslingius
815 563 1041 618 proposuit
1078 563 1106 604 l.
1138 578 1168 604 s.
1202 577 1233 603 s.
1269 578 1308 617 p.
1341 563 1422 604 621
1466 563 1518 605 ad
1557 578 1607 604 ea

91 648 198 688 quae
226 636 426 675 secuntur
453 635 565 674 arcte
594 648 689 675 oum
715 634 794 675 hoc
814 648 938 675 versu
959 633 1217 674 conectenda
1238 633 1603 675 accommodatum

91 706 167 746 est.
229 703 491 746 Sententiam
531 703 616 746 loci
649 703 842 759 Buggius
874 704 952 745 tali
984 704 1194 758 scriptura
1226 703 1416 745 reduxit:

266 809 612 863 Damnosiorem‚
643 809 765 850 illum
798 809 895 850 exin
927 824 1092 851 summo
1124 808 1275 851 habuit
1307 809 1413 864 loco,

268 880 402 930 Quem
436 879 619 921 antehac
650 882 729 921 cet.

90 974 171 1016 Sed
204 974 290 1015 alia
320 973 430 1014 ratio
462 974 680 1027 praestare
713 972 892 1026 videtur,
923 974 1175 1027 praesertim
1208 988 1302 1015 cum
1333 988 1489 1016 smnmo
1522 976 1603 1016 loco

88 1047 187 1099 post
222 1059 427 1086 summum
458 1048 576 1097 atque
606 1045 811 1086 intumum
841 1044 947 1086 v.61
971 1043 1192 1086 molestius
1212 1046 1439 1098 repetatur.
1471 1045 1601 1088 Nam-

89 1130 169 1172 que
201 1130 323 1172 quem
357 1118 455 1170 apte
486 1115 626 1157 locum
659 1115 837 1157 contulit
857 1114 1049 1171 Buggius
1072 1112 1191 1156 Cure.
1212 1129 1248 1156 v.
1266 1115 1351 1156 363
1382 1116 1524 1157 exinde
1556 1120 1603 1158 ut

80 1191 298 1241 postquam
342 1186 684 1228 coniunctionem
727 1186 892 1240 insequi
929 1187 1119 1240 potuisse
1159 1186 1487 1242 demonstraret,
1531 1189 1602 1230 ubi

88 1258 288 1313 quoniam
331 1257 626 1311 insequeretur
668 1255 849 1311 (Ostium
886 1257 956 1298 ubi
992 1258 1195 1310 conspexi,
1233 1258 1374 1298 exinde
1410 1272 1472 1299 me
1508 1260 1600 1300 ilico

79 1329 291 1381 protinam
310 1325 444 1382 dedi):
476 1327 520 1368 in
547 1327 694 1368 eodem
714 1326 1020 1368 advertendum
1048 1330 1113 1368 est
1142 1327 1235 1369 ilico
1267 1328 1453 1383 adiungi,
1486 1330 1599 1384 quod

85 1413 173 1440 non
205 1398 331 1439 modo
364 1400 462 1451 post
491 1398 562 1439 ubi
593 1397 841 1452 saepissime
873 1397 1068 1451 infertur,
1100 1412 1247 1439 verum
1277 1398 1405 1439 etiam
1432 1403 1529 1454 post
1555 1401 1598 1441 id

88 1468 199 1524 quod
237 1468 307 1509 hic
344 1468 552 1508 habemus
577 1471 794 1520 postquam
826 1471 967 1509 exstat
998 1469 1114 1510 velut
1144 1468 1233 1509 Mil.
1265 1469 1369 1522 glor.
1402 1475 1439 1510 v.
1476 1471 1598 1522 1432,

87 1539 215 1581 Merc.
247 1555 283 1581 v.
303 1540 399 1581 220.
462 1538 599 1588 Quare
632 1553 709 1592 pro
743 1538 823 1580 loco
854 1538 899 1580 in
930 1539 1057 1581 huius
1090 1553 1237 1581 versus
1264 1538 1378 1581 exitu
1413 1539 1502 1582 ilico
1534 1555 1596 1582 re-

86 1610 318 1665 stituimus,
349 1609 459 1664 quod
493 1608 621 1650 simili
654 1609 819 1650 ratione
851 1609 911 1663 ΙΙ,
942 1611 982 1665 4,
1014 1610 1068 1651 89
1102 1612 1347 1664 corruptum
1379 1613 1455 1652 est.
1504 1611 1595 1653 Iam

86 1712 186 1739 vero
217 1698 319 1738 mihi
345 1688 423 1753 (m)
463 1712 558 1738 cum
597 1697 686 1738 veri
716 1712 802 1738 non
834 1699 1030 1739 absimile
1063 1699 1118 1739 sit
1150 1714 1199 1739 ex
1231 1713 1347 1739 mero
1381 1713 1421 1739 m
1453 1700 1597 1742 littera

86 1769 138 1809 ab
164 1769 487 1810 damnosiore-in
514 1767 661 1809 avulsa
687 1769 829 1808 ortum
855 1782 959 1822 esse,
990 1768 1134 1822 qualia
1165 1782 1367 1822 persaepe
1394 1769 1595 1812 accidisse

84 1838 128 1880 in
159 1838 312 1894 vulgus
345 1839 526 1891 constat,
558 1853 608 1879 ex
640 1852 783 1879 versus
805 1837 861 1879 65
894 1838 1106 1879 sententia
1137 1836 1270 1891 (qzaem
1295 1839 1463 1880 antehac
1487 1842 1595 1882 odio-

83 1922 175 1950 sum
210 1909 290 1949 sibi
324 1922 405 1949 esse
441 1908 687 1950 memorabat
722 1907 853 1962 mala)
891 1908 937 1948 in
973 1909 1155 1949 immovit
1190 1909 1366 1950 dubium
1405 1909 1474 1951 vix
1514 1911 1595 1952 erit

71 1978 187 2034 ‚quin
226 1979 381 2019 amavit
422 1977 568 2018 lateat.
627 1977 776 2032 Itaque
818 1992 913 2018 cum
953 1977 998 2018 in
1037 1978 1116 2019 tali
1159 1979 1370 2033 scriptura
1410 1980 1593 2034 quodam

85 2049 210 2089 modo
244 2049 509 2102 acquiescere
540 2047 772 2101 possimus:

294 2141 639 2196 Damnosiorem‚
671 2139 819 2183 exinde
852 2142 1010 2184 amavit
1041 2141 1159 2197 11100,

83 2240 227 2278 tamen
265 2237 395 2278 altius
435 2236 479 2276 ni
520 2236 648 2277 fallor
688 2251 755 2277 res
797 2236 1057 2290 expedienda
1099 2240 1173 2278 est.
1234 2236 1347 2278 Nam
1387 2252 1436 2279 ex
1474 2239 1594 2280 verbi

82 2307 256 2349 notione
288 2306 473 2361 simplici
504 2307 659 2348 amavit
688 2309 906 2360 praestare
938 2307 1140 2347 decimavit
1170 2307 1353 2362 videtur,
1385 2308 1591 2351 librorum

83 2380 225 2420 autem
267 2378 478 2431 scriptura
518 2378 713 2419 immovit
751 2377 932 2419 fortasse
970 2391 1020 2418 ex
1062 2378 1347 2432 superscripto
1390 2379 1447 2420 im
1485 2379 1591 2422 deri-

82 2448 223 2490 vanda
255 2447 328 2498 sit,
361 2462 443 2502 quo
475 2448 617 2489 exinde
646 2448 802 2488 amavit
831 2461 906 2500 pro
938 2447 1043 2488 exim
1074 2448 1277 2489 deanzavit
1307 2449 1591 2491 substitutum

83 2520 317 2560 correot'um
348 2517 480 2559 ibant.
542 2517 703 2567 Quodsi
734 2517 1027 2572 proponimus:

292 2610 639 2667 Damnosiorem‚
671 2609 781 2653 exim
813 2611 1029 2652 deamavit
1059 2609 1177 2665 11100,

81 2707 125 2748 111
161 2708 267 2749 exim
305 2708 483 2748 accentu
520 2721 605 2749 non
637 2706 776 2762 magis
810 2706 1105 2748 offendendum
1144 2706 1242 2761 erit,
1283 2722 1411 2762 quam
1444 2708 1488 2748 in
1519 2710 1594 2750 etsi

82 2778 229 2819 eodem
260 2793 405 2819 versus
438 2778 542 2820 loco·
563 2778 705 2832 posito
737 2776 885 2819 Pseud.
912 2793 948 2820 v.
969 2778 1022 2820 87
1056 2777 1243 2832 itemque
1277 2779 1319 2820 111
1350 2779 1453 2821 adeo'
1481 2778 1590 2821 And.
