1688 2978
707 136 989 178 ,59-

83 241 277 296 sumpti',
327 256 414 283 non
457 241 596 294 ipsam
641 242 866 283 confestim
909 239 1234 296 pecuniam¹⁰⁰).
1309 240 1448 289 Quare
1498 255 1593 281 cum

82 314 209 353 antea
239 312 289 353 de
321 312 418 354 aliis
451 312 757 366 supplementis
790 312 1061 368 cogitassem,
1092 311 1179 352 iam
1205 311 1309 352 satis
1336 311 1595 353 confidenter

80 397 158 437 pro
189 382 455 437 autara(a)ut
482 382 730 425 commendo
762 382 1063 424 azwtarn‘corat:

226 476 481 519 Auctarium
513 480 626 519 orat:
659 475 803 518 vinum
835 480 909 518 aut
940 478 1079 519 oleum
1114 480 1188 518 aut
1219 475 1422 518 triticum.

80 569 142 612 Of.
174 569 300 612 Merc.
332 585 370 612 v.
401 571 487 613 486
508 585 596 625 sqq.
628 568 744 626 (cum
774 570 904 612 Festo
937 571 1060 613 Pauli
1092 586 1131 625 p.
1168 571 1221 612 14
1241 569 1316 611 M.:
1360 571 1593 611 auctarium

79 640 263 681 dicebant
291 642 470 695 antiqui,
506 642 613 693 quod
647 655 767 694 super
795 655 1031 683 mensuram
1060 643 1120 683 vel
1143 642 1307 694 pondus
1337 645 1488 682 iustum
1519 642 1591 682 ad-

79 710 284 765 iciebatur,
309 715 355 753 ut
378 712 564 755 cumulus
589 715 753 753 vocatur
779 713 822 753 in
846 713 1019 763 modio).·
1059 712 1180 754 Visne
1204 725 1293 753 eam
1318 711 1375 752 ad
1389 710 1591 764 portum?

80 811 88 820 .
110 813 118 821 .
139 813 148 822 .
166 781 300 833 Atque
330 783 507 822 eximam
538 783 746 825 mulierem
769 783 932 835 pretio?
953 815 1078 823 .....
1118 783 1244 823 Tanti
1274 783 1419 834 qua-nti
1442 783 1591 833 poscit,

79 852 149 893 vin
180 853 285 893 tanti
315 852 432 894 illam
463 853 571 894 emi?
620 853 755 894 Immo
786 853 1017 894 auctarium
1047 854 1211 903 adicito,
1242 852 1301 894 vel
1333 851 1444 893 mille
1473 865 1591 892 num-

11 940 18 949 ·
79 935 192 963 mum
215 922 313 974 plus
343 936 466 974 quam
492 926 632 975 poscet.

198 990 279 1033 Sed
310 992 393 1034 duo
425 995 590 1035 restant
620 993 720 1047 1001,
753 1008 858 1048 quos
891 995 1062 1048 praeter
1090 1007 1180 1034 rem
1207 993 1260 1034 ab
1288 992 1521 1034 editoribus
1548 993 1589 1033 in

78 1076 228 1103 versus
259 1065 429 1105 coactos
462 1078 553 1105 esse
587 1063 930 1105 existimaverim.
992 1063 1055 1104 Ac
1086 1063 1272 1116 primum
1305 1078 1342 1103 v.
1363 1064 1436 1103 30:

291 1156 358 1198 Ita
390 1157 418 1198 &
450 1156 585 1212 (Iteca
616 1157 670 1211 B)
702 1158 746 1199 in
778 1157 952 1199 aedibus
984 1157 1142 1199 lenosis

80 1248 330 1306 Spengelius
369 1250 556 1305 itemque
600 1250 773 1292 Brixius
817 1251 844 1291 l.
876 1266 908 1292 s.
940 1265 970 1292 s.
1003 1266 1042 1305 p.
1074 1251 1100 1292 3
1140 1266 1164 1291 a
1204 1249 1292 1292 cod.
1325 1249 1360 1290 B
1405 1248 1588 1303 profecti

79 1324 370 1363 correxerunt:
400 1321 535 1375 Itfiist
558 1322 717 1376 amzjca
741 1323 784 1363 in
810 1321 974 1363 aedibus
999 1318 1245 1375 leno'niisffl')
1273 1323 1315 1362 et
1333 1321 1474 1361 *amica
1500 1319 1588 1374 qui-

78 1391 173 1433 dem
198 1394 425 1446 propterea
449 1393 662 1434 nominari
694 1391 925 1434 secundum
956 1391 1149 1433 Brixium
1182 1391 1457 1443 desideratur,
1489 1390 1589 1444 quia

73 1465 202 1514 parat
238 1462 464 1517 insequens
497 1463 657 1517 alioqui
689 1478 775 1505 11011
806 1463 964 1504 habeat
995 1478 1077 1517 quo
1118 1462 1339 1504 referatur.
1411 1462 1469 1502 At
1508 1461 1589 1502 hoc

78 1546 228 1586 parum
260 1532 391 1588 valet3
435 1548 522 1575 non
553 1533 691 1588 magis
724 1533 836 1575 enim
868 1547 904 1574 v.
941 1533 992 1574 13
1026 1536 1191 1586 temptat
1221 1532 1395 1574 verbum
1429 1531 1589 1572 diserta

79 1603 313 1644 meretricis
359 1605 518 1645 mentio
561 1604 796 1658 praecedit,
845 1619 952 1658 quae
996 1604 1129 1658 ipsius
1173 1603 1396 1644 Diniarchi
1446 1602 1587 1643 animo

77 1676 283 1728 perpetuo
340 1675 593 1717 obversatur
648 1689 696 1717 ac
751 1678 902 1729 sponte
958 1689 1007 1716 ex
1064 1674 1373 1716 sententiarum
1422 1673 1588 1713 ratione

78 1745 339 1799 cogitatione
372 1744 620 1785 adsumitur.
682 1746 745 1786 Ac
775 1746 846 1786 vix
877 1748 980 1799 puto
1018 1746 1062 1786 111
1095 1745 1184 1787 cod.
1216 1745 1251 1785 B
1284 1744 1494 1798 scriptura
1525 1758 1587 1784 re-

78 1815 292 1857 conditius
325 1816 488 1871 aliquid
519 1815 652 1858 latere
685 1831 811 1871 quam
843 1817 954 1871 quod
987 1815 1060 1859 OD
1094 1815 1312 1858 exhibent:
1355 1829 1454 1856 nam
1488 1816 1530 1855 et
1560 1828 1588 1855 a

76 1885 199 1926 facile
237 1900 285 1926 ex
323 1888 362 1926 dl·
398 1889 502 1927 nota
540 1887 778 1928 declaratur
816 1890 858 1927 et
888 1901 928 1928 ec
958 1888 1064 1927 nihil
1096 1902 1187 1927 esse
1219 1886 1403 1938 videtur,
1446 1884 1529 1925 nisi
1561 1899 1588 1924 a

77 1959 342 2012 corruptum,
386 1956 496 1999 sicut
538 1957 650 1999 idem
694 1957 822 2000 codex
855 1956 913 2012 ΙΙ,
944 1958 990 2012 4,
1022 1957 1078 2000 35
1122 1972 1198 2012 pro
1242 1970 1313 1999 nec
1355 1955 1487 1997 habet
1528 1954 1585 1996 mi

76 2025 264 2081 itemque
297 2040 445 2068 omnes
476 2026 536 2081 ΙΙ,
555 2027 594 2082 5,
615 2028 666 2068 21
693 2041 920 2080 preceoaveo
945 2042 1022 2081 pro
1040 2041 1271 2081 praecaveo.
1311 2027 1459 2080 Ipsum
1486 2041 1585 2067 vero

75 2097 136 2138 <ita
166 2100 204 2138 et
232 2097 301 2138 vix
334 2098 538 2139 aliorsum
571 2100 744 2152 spectet,
777 2113 903 2152 quam
936 2098 989 2140 ad
1019 2099 1079 2140 ita
1109 2102 1181 2148 est,
1214 2098 1323 2140 sicut
1353 2101 1390 2139 et
1419 2112 1497 2151 pro
1530 2100 1589 2139 cst

78 2166 354 2209 substituitur
384 2167 445 2222 ΙΙ,
477 2169 522 2223 2,
558 2169 609 2210 14
646 2169 833 2224 itemque
865 2172 923 2210 est
952 2183 1029 2223 pro
1061 2172 1097 2210 et
1127 2168 1188 2222 ΙΙ,
1219 2169 1263 2222 4,
1294 2169 1370 2209 41:
1414 2171 1461 2208 ut
1493 2170 1586 2208 tota

77 2237 289 2278 sententia
329 2238 388 2278 ita
427 2242 485 2280 est
522 2240 568 2280 in
607 2239 771 2280 aedibus
811 2240 964 2281 Zenonis
1001 2254 1050 2281 eo
1089 2239 1242 2280 certius
1281 2253 1329 2279 ex
1361 2238 1585 2279 notatione

76 2307 303 2364 marginali
334 2311 561 2364 repetatur,
594 2310 705 2365 quod
736 2312 898 2352 resecto
931 2309 1010 2352 hoc
1036 2309 1244 2351 versiculo
1277 2308 1384 2350 nihil
1412 2307 1585 2349 omnino

76 2379 218 2421 deficit
249 2379 495 2422 destituitve
528 2380 777 2423 orationem.

173 2509 253 2553 106)
280 2508 377 2544 Satis
402 2510 489 2553 apte
515 2508 688 2553 conferes,
715 2521 808 2553 quae
834 2508 952 2544 Ballio
977 2507 1228 2543 meretricibus
1253 2508 1437 2554 praecipit
1455 2509 1585 2544 Pseud.

74 2579 108 2602 v.
136 2570 202 2602 187
223 2578 319 2611 sqq.:
356 2566 556 2601 Hedulium
581 2567 822 2612 frumentum,
858 2567 1025 2603 carnaria
1048 2568 1316 2611 Aeschrodora,
1348 2568 1486 2602 olivum
1513 2569 1584 2602 Xu-

75 2625 181 2659 stulis
201 2625 247 2659 ab
267 2625 491 2660 amatoribus
512 2637 725 2671 comparare
745 2627 928 2670 iubentur,
949 2639 1055 2662 omne
1075 2638 1190 2671 penus
1211 2628 1433 2661 summatum
1454 2627 1583 2670 virum,

75 2683 207 2727 quibus
231 2682 386 2719 deliciae
412 2686 482 2729 est,
509 2696 591 2719 cum
616 2685 815 2721 Phoenicio
842 2686 1111 2731 exposcendum
1137 2685 1195 2720 sit.

170 2745 251 2785 107)
280 2742 383 2785 Quod
409 2742 602 2788 Maehlyus
628 2743 651 2777 1.
673 2756 699 2778 s.
721 2757 746 2778 s.
768 2756 803 2789 p.
820 2748 886 2778 114
911 2744 1030 2779 voluit
1055 2745 1120 2778 Ita
1144 2745 1344 2789 re'yulast
1370 2746 1410 2778 in
1435 2745 1585 2779 aedibus

75 2800 227 2835 leno'niis
252 2812 379 2836 vereor
403 2813 448 2836 ne
473 2801 520 2836 ad
547 2801 710 2847 linguam
736 2802 889 2839 latinam
915 2803 1108 2848 pertineat,
1134 2814 1245 2848 quam
1274 2803 1502 2838 ‘culinarem’
1531 2803 1583 2839 di-

75 2869 155 2894 cere
181 2860 443 2896 consuevimus.
