1688 2978
674 128 968 169 -47-

67 233 213 274 eadem
253 233 419 274 ratione
457 247 708 286 componere
753 233 857 273 artis
902 246 993 272 esse
1034 231 1258 272 Plautinae
1303 228 1580 284 (omilim-apide

68 303 352 356 cruriicrepide
391 302 530 358 libri),
573 303 714 344 minus
754 305 868 344 recte
907 316 1002 343 cum
1039 300 1227 342 Beckero
1267 299 1578 356 (collierepidae)

67 373 285 428 Guyetove
317 371 693 427 (scapulicrepidae)
725 373 910 427 priorem
943 372 1168 426 compositi
1199 374 1363 425 partem
1396 372 1578 412 tentabi-

70 458 183 484 mus:
221 443 352 484 immo
385 443 447 484 ita
477 443 571 485 loco
604 442 907 484 consulendum
939 442 1037 496 erit,
1073 444 1122 482 ut
1153 442 1204 483 ad
1237 442 1341 483 oculi
1372 441 1577 483 addamus

67 512 180 567 quod
211 515 360 566 aptum
393 513 450 554 sit
481 513 792 567 molestamque
824 512 954 553 evitet
984 511 1295 565 repetitionem.
1340 511 1433 560 Qua
1458 512 1503 552 in
1534 527 1578 552 re

66 582 174 624 nihil
203 582 564 624 accommodatius
592 582 671 623 erit
696 597 823 637 quam
850 582 1075 636 oculilimoi,
1101 580 1176 637 (sc.
1198 581 1325 638 servi)
1351 586 1399 624 ut
1425 583 1580 624 scriba·
1649 616 1659 624 .

68 668 161 694 mus
170 651 222 708 ⁸⁷)
249 654 344 695 coll.
364 653 517 694 Bacch.
538 669 573 694 v.
590 653 694 694 913:
720 653 848 706 szpi
865 653 951 694 illio
969 652 1073 693 oculi
1090 666 1222 693 servos
1241 656 1298 694 est
1320 653 1579 706 simillumus,

66 722 181 765 Pers.
200 725 323 765 v.11:
354 723 436 766 Sed
459 724 578 776 quasi
603 724 711 777 lippo
736 724 846 765 oculo
878 737 940 765 me
957 736 1049 765 mus
1066 736 1177 764 meus
1196 736 1365 764 manum
1383 724 1580 765 abstinere

66 793 149 834 hau
180 794 267 845 quit
298 796 448 848 tamen,
479 793 606 836 Poen.
638 793 670 848 Ι,
702 794 741 847 2,
767 794 867 835 182:
901 792 1049 834 Oculus
1077 793 1218 847 huius,
1250 794 1447 846 Zimn‘tudo
1478 808 1578 834 mea.

186 861 385 905 Ceterum
416 864 522 905 haec
555 864 698 905 omnia
728 879 814 905 non
851 864 1003 919 ignoro
1036 864 1157 905 valde
1190 863 1457 917 displicitura
1489 880 1579 907 esse

69 934 107 975 ei
139 934 210 988 qui
241 949 376 989 nuper
407 934 553 975 Plauti
585 934 735 975 edendi
768 934 992 975 consilium
1025 934 1150 988 cepit.
1200 933 1285 984 Qui,
1314 950 1409 976 cum
1435 934 1467 975 F
1470 936 1579 976 leck-

68 1006 234 1047 eisenus
256 1005 413 1060 Amph.
434 1021 471 1047 v.
495 1004 604 1047 1058
633 1019 681 1046 eo
713 1004 1040 1059 progrederetur
1066 1004 1283 1058 audaciae,
1316 1006 1363 1045 ut
1387 1006 1581 1060 neglecta

69 1077 260 1118 codicum
301 1076 528 1117 sanctitate
571 1076 761 1128 corrzlpta
797 1077 1070 1126 παρηχήεεωε
1115 1089 1242 1115 causa
1283 1074 1461 1116 inferret
1503 1091 1579 1129 pro

67 1150 257 1200 corrupta
289 1145 541 1202 (corrumpta
570 1160 661 1188 sum
690 1149 808 1199 atque
838 1145 1052 1199 absumpta
1081 1143 1208 1199 sum),
1247 1160 1330 1200 qua
1367 1146 1478 1187 solet
1517 1161 1580 1188 sa-

70 1216 231 1270 pientia
261 1216 368 1257 talia
399 1216 586 1258 ‘inventa
616 1231 693 1257 nos
725 1215 1075 1257 animadvertere'
1108 1216 1294 1270 edocuit,
1335 1215 1400 1256 ‘de
1431 1220 1578 1258 nostro

70 1287 226 1328 inferre
269 1301 357 1328 non
401 1286 563 1328 decere'
606 1285 719 1341 (adn.
752 1287 815 1328 ad.
848 1302 884 1328 v.
920 1286 1031 1327 1075
1063 1286 1123 1328 ed.
1150 1285 1232 1340 U.).
1294 1286 1390 1340 Ipse
1435 1290 1577 1328 autem

69 1358 206 1398 editor
243 1357 429 1411 optimus
468 1358 572 1399 adeo
604 1372 689 1399 non
721 1356 1066 1410 ‘animadvertit’,
1104 1359 1151 1397 ut
1185 1356 1291 1398 talia
1327 1357 1579 1399 miserrimis

70 1427 323 1469 coniecturis
361 1427 570 1469 removeri
610 1426 787 1468 ‘decere’
825 1429 923 1482 post
959 1429 1047 1468 tres
1079 1441 1224 1468 versus
1262 1427 1478 1469 luculento
1511 1443 1579 1469 ex-

71 1498 209 1551 emplo
241 1498 404 1551 prodat.
465 1498 577 1538 Nam
616 1513 698 1551 quo
740 1498 834 1552 ipso
872 1513 995 1539 versu
1033 1498 1197 1539 innisus
1231 1497 1485 1552 Spengelius
1518 1499 1578 1540 in-

68 1568 170 1608 felix
207 1567 310 1608 illud
353 1568 672 1620 omelistrepz'dae,
713 1568 1006 1620 crur‘ierepidae
1043 1568 1386 1622 commendabat,
1425 1555 1579 1623 Α1111111.

70 1637 122 1690 V,
153 1639 187 1691 1,
211 1638 284 1678 10:

131 1719 342 1773 Strepitus
375 1720 577 1773 crepitus,
610 1720 774 1761 sonitus
805 1720 1087 1774 tonitr11S,·ut
1119 1721 1278 1775 subito,
1310 1725 1357 1763 ut
1388 1736 1580 1776 propere,

911 1794 958 1832 ut
990 1792 1127 1833 valide
1159 1793 1317 1846 tonuit,

69 1899 164 1925 cum
205 1884 341 1924 nollet
380 1884 517 1936 primo
554 1887 600 1924 ut
635 1883 773 1925 deleto
812 1898 907 1924 cum
945 1877 1189 1925 Hermanno
1222 1885 1579 1940 Fleckeisenoque

68 1955 207 1996 locum
239 1955 284 1995 in
316 1953 636 2007 anapaesticum
663 1954 931 1996 octonarium
956 1955 1147 2010 redigere
1166 1955 1413 2011 Ussingius,
1446 1957 1505 1997 sic
1536 1960 1579 1998 et

70 2041 95 2066 a
126 2039 318 2066 sermone
351 2026 393 2065 et
424 2039 449 2064 a
480 2024 697 2078 parechesi
730 2023 1053 2078 ‘corrumptum’
1086 2026 1220 2066 dedit:

129 2117 359 2173 Strepitus,
390 2118 593 2172 crepitus,
623 2118 787 2159 sonitus
812 2118 941 2160 tonit:
972 2120 1020 2159 ut
1046 2119 1206 2172 subito,
1237 2122 1284 2160 ut
1308 2134 1505 2174 propere,
1532 2124 1579 2162 ut

911 2189 1051 2230 valide
1082 2189 1234 2230 tonuit.

69 2269 228 2312 Veram
267 2271 522 2325 scripturam
560 2270 677 2312 facili
713 2271 887 2325 negotio
921 2272 1242 2325 'recuperam11S,
1286 2271 1320 2311 si
1359 2271 1496 2313 deleto
1535 2277 1581 2314 ut

70 2340 204 2381 valide
234 2341 379 2393 tonuit,
420 2340 531 2394 quod
572 2343 716 2393 aperte
754 2354 804 2381 ex
836 2355 959 2381 versu
995 2341 1105 2380 1130
1135 2354 1257 2391 quam
1287 2342 1418 2382 valide
1449 2345 1581 2385 tonuit

165 2491 209 2535 ⁸⁷)
235 2491 393 2525 Extrusa
418 2491 536 2525 altera
561 2492 588 2525 h·
613 2491 758 2536 syllaba
782 2490 940 2525 librariis
965 2489 1126 2534 proclive
1153 2492 1231 2525 erat
1250 2502 1294 2525 ex
1313 2493 1580 2538 erm-icrepidae

61 2560 165 2596 >quae
191 2549 356 2593 sequitur
379 2548 499 2584 forma
524 2549 696 2594 supplere
721 2549 1047 2594 oculi(c⁴re)pi<dae).
1087 2548 1216 2592 ltaque
1243 2550 1494 2595 collierepidae
1518 2552 1579 2587 de-

69 2608 241 2642 mendum
263 2607 332 2641 erit
350 2608 395 2641 de
415 2608 591 2652 exemplis
610 2608 789 2642 similibus
808 2608 911 2642 velut
924 2608 1178 2652 playipatidae
1198 2608 1303 2643 Most.
1318 2621 1351 2643 v.
1367 2614 1446 2653 356,
1475 2610 1578 2655 Capt.

69 2676 102 2700 v.
124 2669 210 2709 4725
237 2666 280 2700 cf.
302 2668 493 2711 praeterea
511 2667 607 2702 Men.
629 2679 660 2701 v.
681 2670 766 2709 210,
793 2667 889 2701 Pers.
910 2679 943 2701 v.
966 2670 1032 2700 702
1046 2677 1137 2710 sqq„
1164 2666 1291 2701 Pseud.
1312 2680 1346 2703 v.
1368 2672 1447 2713 988,
1474 2669 1578 2714 Capt.

67 2735 101 2757 v.
123 2727 208 2767 285,
246 2724 404 2768 denique
429 2725 539 2759 Poen.
565 2725 657 2768 prol.
684 2737 716 2759 v.
744 2728 788 2758 54
828 2725 1169 2769 Pultiphayonides,
1207 2738 1316 2769 quem
1349 2738 1420 2760 nou
1452 2727 1579 2761 dubito

70 2781 158 2824 quin
184 2781 305 2826 ipsum
336 2783 509 2817 Plautum
537 2782 706 2827 ‘poetam
731 2782 949 2817 barbarum’
983 2783 1215 2818 denotaverit
1246 2784 1328 2820 coll.
1361 2785 1518 2819 Mostell.
1544 2797 1577 2820 v.

69 2841 153 2873 828:
183 2839 407 2885 ‘pultifagus
434 2840 566 2885 opufex
592 2841 797 2875 barbarus)
