1688 2978
696 138 743 142 .-
810 113 981 154 39-

78 217 194 261 Stuic
211 220 368 272 superet
390 218 558 260 muliere
584 232 755 260 servans
782 220 824 260 et
851 216 925 260 CD
952 219 1110 261 omisso
1139 220 1250 274 quod
1278 234 1403 262 8011811
1430 224 1594 263 0010101

76 289 192 331 Stuic
221 302 379 329 novum
411 303 436 329 a
464 288 632 341 Superet
660 289 832 330 muliere}
865 303 1032 330 versum
1063 289 1326 343 incipientes.
1379 291 1516 339 Quare
1549 292 1591 331 id

81 359 229 400 critico
267 358 514 399 sectandum
553 358 653 412 erit,
696 361 744 399 ut
779 359 966 401 medium
1004 374 1174 401 versum
1213 361 1381 414 expleat
1414 362 1592 402 servatis

77 443 203 483 quam
241 428 424 471 maxime
462 431 505 470 01
543 430 627 471 fine
666 432 709 471 et
746 429 968 484 principio.
1040 429 1132 471 Iam
1170 445 1245 484 per
1286 430 1395 482 Quid
1429 432 1591 473 multa?

75 499 391 541 conclusionem
422 499 606 540 indicari
639 499 674 553 81
705 502 921 553 tenemus,
953 500 1053 553 quid
1086 500 1201 541 aliud
1232 502 1393 553 superet}
1424 503 1594 543 muliere

75 583 167 610 esse
208 568 396 611 dicamus
439 571 566 624 atque
606 583 726 623 super
765 584 814 612 ac
852 570 877 612 i.
911 585 944 611 0.
984 584 1105 623 super
1133 570 1208 612 hac
1239 571 1429 622 muliere,
1471 574 1518 613 ut
1548 572 1592 614 in

79 640 219 682 medio
257 654 383 681 versu
421 640 486 681 vel
518 639 632 682 Stuic
670 640 824 682 litteris
863 640 970 681 satis
1003 641 1261 682 conveniens
1295 642 1396 684 olim
1428 644 1465 684 si
1495 644 1595 696 quid

75 713 199 752 restat
229 710 470 751 exstiterit?
521 709 641 759 Quod
675 710 711 751 si
742 713 858 752 recte
891 713 939 752 ut
968 713 1071 765 puto
1104 712 1428 767 enucleavimus,
1461 714 1591 755 etiam

75 781 125 822 de
157 795 279 822 versu
311 778 384 835 qui
417 780 608 834 sequitur
644 781 788 835 paullo
835 781 968 823 satius
1000 782 1218 836 tutiusque
1251 784 1382 824 statui
1415 784 1589 838 poterit:

284 874 462 915 Hiscum
495 873 638 914 anima
670 873 723 914 ad
756 888 851 915 eum
882 874 1311 917 habentierceteritur

77 968 244 1010 Collato
278 968 390 1009 enim
422 967 600 1008 Poenuli
631 968 737 1020 prol.
769 983 807 1009 v.
843 969 924 1009 122
946 983 1024 1022 sq.:

920 1059 1082 1101 Dehinc
1114 1061 1308 1101 ceterum

285 1131 406 1181 Quod
441 1131 596 1184 restat,
628 1132 793 1171 restant
824 1129 899 1170 alii
931 1130 1001 1183 qui
1033 1129 1194 1171 facient
1224 1131 1367 1184 palam

71 1242 159 1268 non
200 1226 490 1268 dubitabimus
533 1225 636 1279 quin
677 1226 865 1265 extrema
901 1239 983 1265 vox
1021 1226 1116 1265 orta
1157 1224 1214 1265 sit
1256 1239 1305 1266 ex
1336 1226 1587 1279 compendio

72 1297 182 1338 male
219 1296 439 1337 intellecto
478 1295 615 1336 cetere}
654 1293 819 1348 (001ονιὶ
851 1291 929 1348 D);
973 1294 1158 1347 itemque
1192 1309 1241 1335 ex
1275 1296 1457 1336 aliorum
1490 1311 1587 1350 pro·
1629 1284 1637 1291 ⁸

72 1368 269 1422 logorum
290 1365 565 1419 similitudine
598 1379 688 1406 cum
711 1364 926 1405 habentem*
952 1364 1241 1405 concludimus
1268 1379 1358 1407 mm
1383 1365 1479 1419 lm(c
1497 1368 1587 1421 qm)

71 1438 204 1478 hemer
235 1436 366 1476 fuisse
399 1435 466 1475 vel
499 1449 583 1475 zam
614 1434 723 1488 (qm)
754 1435 964 1486 aducmev,
1003 1436 1050 1474 ut
1086 1436 1215 1475 veniet
1245 1436 1397 1476 saltem
1430 1439 1472 1476 et
1503 1438 1587 1477 iam

73 1507 160 1548 fere
192 1508 308 1548 certa
340 1505 438 1546 sint.
500 1503 692 1557 Denique
725 1517 820 1544 cum
851 1505 894 1544 et
926 1502 1209 1544 adulescentis
1241 1518 1424 1558 persona
1456 1506 1585 1560 signi-

71 1576 237 1617 ficanda
268 1575 324 1615 sit
350 1573 551 1614 ‘ceterum
578 1588 704 1626 super
730 1573 810 1614 hac
836 1572 1025 1613 muliere'
1053 1573 1125 1626 qui
1157 1574 1348 1626 proferat
1380 1578 1421 1615 01
1446 1577 1586 1629 ipsum

71 1645 236 1687 dicendi
274 1645 453 1686 verbum
488 1643 638 1684 eodem
669 1643 762 1684 loco
795 1641 1056 1683 desideretur
1087 1657 1170 1696 quo
1203 1643 1320 1697 prior
1351 1659 1495 1686 versus
1528 1645 1585 1686 la-

71 1731 225 1758 cunam
256 1729 408 1769 passus
441 1715 526 1767 est,
557 1728 702 1755 versus
736 1713 788 1754 ad
818 1713 950 1753 talem
983 1713 1165 1766 speciem
1198 1715 1378 1768 refingo:

283 1806 393 1856 Quid
428 1806 592 1847 multa?
625 1806 660 1846 si
691 1804 792 1859 quid
823 1805 956 1845 108101
988 1819 1113 1858 super
1143 1806 1221 1847 hae
1255 1807 1443 1860 1111111010,

281 1876 441 1918 Eccum
474 1876 623 1917 amans
656 1874 849 1916 narrabit
881 1874 967 1915 iam
998 1874 1081 1916 11110
1114 1876 1185 1930 qui
1211 1877 1352 1917 veniet
1384 1879 1583 1919 ce'terum.

71 1971 187 2012 Haec
219 1971 352 2026 igitur
382 1970 426 2010 ni
459 1969 756 2021 improbantur
777 1991 830 1995 —
858 1982 905 2007 ac
936 1968 1228 2020 probabiliora
1261 1970 1414 2010 saltem
1442 1971 1583 2011 viden-

69 2044 139 2082 tur
171 2056 299 2096 quam
331 2042 567 2082 ceterorum
593 2040 837 2080 commenta
858 2061 923 2091 ——,
954 2036 1061 2077 nihil
1093 2037 1137 2078 in
1169 2037 1263 2092 ipso
1296 2039 1467 2093 prologi
1499 2040 1581 2081 fine

72 2111 348 2164 desideratur,
379 2110 461 2151 nisi
496 2109 712 2156 sollemnis
745 2110 1034 2161 spectatorum
1066 2107 1292 2162 adlocutio,
1324 2110 1455 2150 velut:

283 2204 529 2244 Tantlimst:
562 2203 719 2255 valete,
751 2202 893 2243 adeste
925 2216 1020 2242 cum
1053 2201 1225 2242 silentio

71 2296 138 2338 vel
171 2296 257 2338 tale
290 2296 402 2350 quid.

189 2365 350 2407 Contra
387 2367 429 2407 in
470 2366 530 2407 018
569 2381 677 2420 quae
721 2366 976 2407 antecedunt
1006 2365 1117 2406 haud
1150 2380 1284 2418 pauca
1316 2367 1582 2408 intercidisse

71 2437 227 2478 dudum
260 2451 308 2478 ex
342 2452 377 2477 v.
402 2436 453 2477 18
486 2435 772 2489 Kiesslingius
805 2435 830 2476 1.
863 2449 894 2475 8.
927 2449 957 2474 8.
988 2449 1027 2487 p.
1048 2434 1131 2475 618
1164 2434 1310 2475 evicit:

282 2516 348 2559 Ea
380 2518 424 2558 80
456 2517 672 2571 peperisse
704 2520 883 2571 puerum
915 2516 1088 2557 simulat
1118 2514 1263 2558 militi.

75 2600 187 2641 Nam
221 2614 315 2641 cum
347 2598 555 2639 nihildum
581 2598 630 2639 de
657 2598 790 2639 milite
817 2598 974 2639 dictum
1001 2596 1066 2651 811,
1098 2597 1230 2638 cuivis
1256 2597 1379 2639 facile
1406 2603 1582 2653 apparet

73 2671 133 2710 ita
165 2670 346 2723 primam
379 2669 467 2709 eius
499 2669 759 2710 mentionem
785 2668 874 2709 fieri
898 2667 1087 2721 nequire3
1119 2667 1304 2721 itemque
1330 2684 1415 2710 non
1443 2670 1580 2710 solum

73 2739 123 2781 de
160 2738 392 2781 Diniarcho
437 2740 479 2780 et
521 2737 727 2781 Strabace
772 2737 983 2794 agendum
1027 2740 1135 2791 erat,
1180 2738 1252 2780 sed
1295 2741 1393 2780 ante
1438 2739 1580 2780 omnia

71 2809 200 2851 etiam
233 2809 282 2851 de
315 2810 408 2864 ipso
441 2824 571 2863 puero
605 2809 838 2864 supposito,
870 2824 993 2864 quem
1024 2809 1247 2851 Diniarchi
1280 2810 1412 2864 ipsius
1445 2810 1579 2850 filium
