1688 2978
702 112 962 151 -9-

79 218 177 259 inde
208 217 345 271 repeti
376 231 521 270 posse,
552 217 664 270 quod
689 231 739 257 ex
765 217 956 271 margine
983 216 1152 257 demum
1180 215 1387 269 quaedam
1414 215 1592 267 irrepse-

79 288 185 329 rint:
221 299 404 341 namque
442 300 611 328 versum
643 287 733 328 333.
777 286 904 340 Quid
933 286 977 327 id
1006 285 1090 327 est?
1136 285 1426 326 Primumdum
1456 297 1595 338 quom

78 361 125 406 tu
154 371 194 398 es
224 359 346 397 aucta
377 356 513 397 liberis
551 357 606 397 ob
646 356 785 397 simile
824 371 920 397 cum
952 355 1226 396 antecedente
1258 355 1429 396 initium
1463 355 1597 406 Quod

81 430 124 468 tu
163 425 228 467 hic
267 439 384 467 mero
430 439 569 467 errore
614 425 880 468 intercidisse
923 424 1020 466 inde
1064 427 1202 479 patet,
1245 424 1355 479 quod
1400 426 1594 466 servatur

80 510 227 536 versus
256 495 476 547 Quomque
504 496 598 536 bene
614 497 841 547 provenisti
863 496 979 536 salva
999 496 1171 547 qaude03
1204 495 1277 547 qui
1304 498 1446 535 autem
1473 510 1593 547 prae-

80 567 199 606 terea
230 563 525 605 desiderantur
555 579 702 606 versus
734 565 777 606 in
803 564 836 606 P
863 564 1089 607 Concedite
1116 563 1210 605 hinc
1240 578 1308 606 vos
1337 564 1446 605 iutro
1477 567 1594 617 atque

80 636 226 687 operite
268 636 425 677 ostium.
489 635 558 675 Tu
595 649 703 676 mmo
739 639 934 688 superstes
970 635 1080 676 solus
1116 636 1292 676 sermoni
1332 624 1451 676 meo’s
1495 638 1593 675 ante

81 720 249 747 versum
284 704 397 747 Tibi
426 719 515 746 mea
544 705 715 747 consilia
744 719 897 759 semper
926 719 1088 747 summa
1119 706 1272 759 crediti,
1312 720 1384 747 eos
1416 719 1469 747 ne
1500 705 1593 760 ipse

81 775 251 829 quidem
293 775 499 817 Dziatzko
544 791 621 830 pro
666 777 939 830 interpolatis
988 776 1131 817 habet.
1201 776 1416 818 Nimirum
1467 790 1593 831 aegre

22 855 35 866 ·
81 846 264 900 quodam
295 846 420 888 modo
452 860 529 887 nec
562 846 651 887 sine
690 847 872 901 quadam
912 846 1228 900 exspectatione
1269 846 1593 887 felicitationem

80 915 335 957 Diniarchus
379 916 653 970 pronuntiat,
701 919 750 957 ut
792 917 987 970 protinus
1033 917 1170 958 amica
1214 917 1372 957 sentiat
1414 931 1498 957 non
1544 930 1593 956 ex

81 986 223 1028 animo
256 986 294 1027 ei
330 988 478 1028 natum
517 1001 609 1027 esse
646 986 749 1027 illud
784 988 958 1040 9audeo;
998 987 1143 1041 itaque
1183 987 1361 1028 ancillas
1400 986 1593 1038 dimittit,

80 1059 128 1098 ut
160 1058 376 1098 ostentata
408 1056 662 1098 confidentia
694 1056 932 1110 simplicem
964 1056 1248 1105 adulescentis
1282 1058 1469 1098 mentem
1501 1069 1592 1110 per-

81 1128 266 1182 stringat
299 1142 346 1168 ac
378 1127 513 1168 denuo
547 1127 700 1180 capiat.

197 1197 317 1239 Unus
350 1198 436 1238 iam
467 1199 603 1238 restat
633 1197 750 1238 locus
784 1196 1062 1238 difficillimus
1095 1197 1126 1252 I,
1153 1198 1192 1252 2,
1215 1198 1286 1239 79:

139 1290 316 1331 Amanti
349 1292 383 1331 si
416 1291 517 1345 quid
548 1305 634 1332 non
665 1291 828 1331 danunt
857 1306 944 1336 non
975 1291 1102 1332 didici
1133 1291 1328 1332 fabulare
1361 1291 1395 1332 P

138 1360 314 1402 Amanti
347 1360 383 1402 si
415 1360 514 1402 cuin
540 1361 650 1415 quod
683 1360 793 1401 dabo
825 1375 911 1402 non
939 1363 1004 1401 est
1027 1361 1267 1405 nondidici
1298 1360 1485 1402 fabulari
1513 1361 1562 1402 A.

82 1453 368 1508 Spengeliana
399 1453 610 1507 scriptura
640 1468 694 1494 ne
725 1453 809 1508 ipsi
847 1454 1015 1508 quidem
1054 1455 1217 1496 auctori
1256 1455 1481 1508 satisfecit,
1518 1470 1594 1496 nec

81 1523 367 1578 Kiesslingius
400 1524 425 1565 l.
454 1540 485 1565 s.
512 1541 543 1566 s.
575 1540 614 1579 p.
639 1525 723 1566 626
756 1524 895 1566 locum
929 1524 1150 1566 absolvere
1184 1528 1361 1567 conatus
1395 1529 1478 1580 est,
1509 1526 1594 1567 nisi

80 1594 193 1648 quod
220 1594 272 1634 ab
299 1593 585 1636 Ambrosiano
620 1609 790 1637 omnem
823 1595 1162 1636 emendationem
1195 1596 1468 1649 repetendam
1501 1611 1592 1636 esse

80 1664 370 1706 demonstrare
410 1664 590 1717 studuit3
631 1664 863 1705 Muellerus
903 1666 1044 1705 autem
1076 1665 1102 1705 1.
1136 1680 1166 1706 s,
1200 1680 1230 1706 s.
1263 1680 1302 1719 p.
1329 1666 1410 1706 681
1446 1665 1591 1719 despe-

80 1735 259 1776 randum
293 1748 384 1774 esse
416 1733 523 1774 dixit
554 1734 604 1774 de
637 1749 763 1775 versu
795 1734 1071 1775 restituendo.
1120 1734 1211 1775 Iam
1245 1734 1453 1789 Bergkius
1487 1736 1591 1777 duos

81 1805 182 1847 olim
215 1804 447 1847 versiculos
481 1804 697 1846 exstitisse
730 1806 772 1847 et
804 1804 977 1847 alterins
1012 1804 1189 1846 alteram
1221 1807 1387 1859 partem
1420 1806 1462 1847 in
1490 1806 1592 1847 Am-

83 1876 269 1918 brosiani
307 1875 444 1917 verbis
477 1875 609 1916 latere
648 1876 906 1930 suspicatur,
946 1890 1080 1929 neque
1119 1878 1262 1917 tamen
1300 1878 1469 1930 qualem
1502 1893 1593 1918 sen-

79 1947 258 1988 tentiam
291 1947 353 1988 ita
384 1947 525 1988 animo
559 1945 853 1987 informaverit
884 1945 1160 2001 significavit,
1192 1948 1240 1987 ut
1266 1947 1371 1988 satis
1399 1963 1510 1989 vana
1537 1948 1593 1989 sit

81 2017 279 2070 suspicio.
339 2015 447 2056 Mihi
488 2018 629 2056 autem
666 2016 709 2056 in
748 2016 842 2069 ipso
882 2016 1052 2056 demum
1091 2016 1377 2059 Ambrosiano
1417 2018 1594 2058 licenter

81 2089 249 2128 mutata
280 2101 372 2128 esse
404 2086 534 2127 verba
564 2088 769 2140 tanquam
800 2086 935 2141 digito
968 2088 1208 2127 monstrare
1239 2087 1405 2128 videtur
1431 2087 1490 2128 ‘n'
1523 2089 1592 2129 lit-

81 2160 173 2198 tera
205 2158 355 2210 postea
387 2159 609 2209 expuncta.
658 2155 770 2197 Nam
802 2156 914 2210 quod
944 2157 1010 2197 eui
1041 2155 1116 2210 (=
1142 2155 1230 2210 qui)
1262 2157 1306 2197 in
1334 2157 1389 2209 A,
1420 2159 1520 2209 quid
1548 2158 1592 2198 in

81 2227 115 2268 P
136 2228 294 2279 exstat,
324 2241 412 2267 non
442 2226 574 2267 refert
603 2227 703 2281 quia
728 2226 833 2268 haec
858 2229 1064 2281 perpetua
1089 2226 1279 2267 codicum
1306 2227 1593 2282 discrepantia

81 2300 146 2338 est
171 2297 214 2337 in
241 2296 433 2338 ablativo
460 2297 728 2350 pronominis
755 2297 963 2338 indefiniti
990 2296 1336 2352 desci·ibendo²¹).
1380 2298 1472 2339 Iam
1493 2313 1592 2340 vero

82 2382 176 2409 cum
207 2367 270 2409 ita
300 2367 548 2409 incohatum
581 2368 638 2410 sit
669 2368 714 2409 in
744 2368 800 2409 A:

175 2531 232 2573 21)
259 2529 371 2564 Velut
389 2531 415 2573 I,
436 2534 468 2572 2,
483 2534 527 2564 36
547 2531 611 2574 qui
630 2530 672 2573 A,
697 2530 787 2573 quid
805 2531 844 2573 P,
871 2529 968 2572 sim.;
995 2531 1027 2563 si
1046 2530 1109 2573 qui
1128 2530 1252 2563 autem
1272 2530 1306 2563 h.
1328 2530 1350 2564 l.
1372 2531 1592 2575 respondere

80 2600 212 2633 graeco
244 2588 353 2622 εἴπωε
383 2589 578 2632 propterea
610 2600 756 2632 moneo,
792 2588 878 2631 quia
909 2588 1121 2631 Maehlyum
1153 2587 1259 2621 video
1291 2589 1444 2623 vertisse
1478 2589 1594 2622 “zeenn

79 2648 221 2691 yewisse
240 2647 440 2681 Liebhaber
465 2647 563 2680 nieht
587 2646 759 2690 speudeu'
791 2646 859 2680 οΒΙ.
879 2645 904 2680 f.
926 2646 958 2681 d.
980 2646 1102 2690 bayer.
1124 2645 1271 2690 Gymn.'
1299 2647 1324 2680 t.
1347 2647 1396 2680 IX
1422 2649 1467 2690 (a.
1491 2650 1593 2690 1873)

79 2718 114 2750 p.
138 2710 214 2740 118.
265 2705 387 2739 Etiam
413 2717 444 2739 v.
473 2705 533 2747 IV,
555 2709 586 2748 4,
608 2710 622 2738 1
650 2706 773 2739 Blitea
799 2708 830 2738 et
856 2705 985 2738 luteast
1009 2706 1194 2747 meretrix,
1219 2706 1293 2739 uisi
1317 2717 1408 2749 quae
1431 2706 1528 2749 sapit
1553 2707 1594 2739 iu

79 2765 163 2799 vino
202 2765 250 2799 ad
287 2775 359 2799 rem
395 2774 498 2798 suam
535 2763 658 2808 aptius
690 2764 764 2798 uisi
795 2763 858 2807 qui
888 2774 1058 2808 repones,
1097 2775 1208 2807 quam
1245 2765 1318 2798 uisi
1355 2764 1459 2808 quid,
1496 2763 1594 2806 quod

83 2822 282 2867 Seyffertus
309 2823 410 2857 Stud.
439 2823 491 2858 Pl.
519 2835 553 2866 p.
575 2827 617 2857 31
651 2821 843 2867 proposuit
874 2833 963 2866 quae
995 2823 1091 2857 stare
1124 2833 1196 2856 non
1228 2833 1332 2866 posse
1358 2821 1591 2865 perspiciens.
