1688 2978
70 168 327 222 scripturam
375 184 424 210 ex
469 170 723 224 compendio
765 171 855 213 viris
902 171 1177 226 repetendam
1226 185 1336 225 esse,
1386 170 1588 225 quoniam

69 240 210 281 vestris
228 239 438 294 Apuleius
470 256 566 283 cum
585 241 806 284 Prisciano
839 242 1074 284 confirmet.
1118 241 1178 283 At
1205 240 1259 283 'de
1290 240 1433 296 priore
1465 254 1588 297 argu-

69 312 213 351 mento
254 310 381 352 hodie
413 311 484 352 vix
517 315 582 353 est
617 312 729 367 quod
760 327 955 354 moneam
986 327 1257 367 nequaquam
1290 312 1468 353 eandem
1499 326 1590 353 mu-

68 394 213 421 rorum
246 380 543 436 moeniumque
572 378 932 438 significationem
959 396 1069 436 esse,
1100 384 1149 423 ut
1179 379 1588 437 frequentissimam)

68 464 216 491 eorum
261 451 506 493 coniunctio
551 452 619 493 sit.
681 451 789 493 Tum
827 451 1124 494 Palatinorum
1163 453 1419 507 scripturam
1462 466 1588 506 posse

68 520 272 562 facillime
305 535 355 562 ex
382 520 632 575 compendio
660 521 867 563 declarari
898 535 1023 564 nemo
1048 522 1244 576 negabit:
1276 536 1411 576 neque
1442 523 1588 563 tamen

69 605 119 632 ex
152 590 365 632 Prisciani
396 590 637 646 Apuleique
676 592 933 633 auctoritate
972 607 1038 633 res
1078 592 1272 633 confecta
1310 590 1471 647 erit79),
1515 591 1587 632 sed

69 676 119 702 ex
151 661 285 715 ipsius
318 662 554 703 sententiae
587 662 890 704 commoditate
922 662 1194 704 decernenda.
1237 662 1351 705 Nam
1383 662 1588 704 allittera-

68 730 200 771 tionis
242 730 503 772 lenocinium
537 731 832 772 secundarium
865 735 942 773 est,
1003 731 1095 772 Iam
1129 733 1166 773 si
1197 747 1365 774 versum
1400 734 1425 773 6
1457 732 1588 786 respi-

72 815 223 842 clmus:

264 882 374 932 Quid
408 883 448 926 ss
476 885 526 926 de
559 886 704 926 vostro
739 882 958 938 quippiam
992 884 1140 925 orem?
1172 884 1376 939 abnuont,

68 977 333 1031 oppositioni
365 978 584 1032 quaesitae
617 980 762 1031 aperte
794 979 1007 1031 repugnat
1037 977 1148 1018 idem
1174 977 1339 1030 utrique
1365 977 1458 1018 loco
1491 992 1586 1031 pro-

66 1061 222 1088 nomen
243 1048 516 1102 adplicatum.
559 1048 653 1089 Hoc
674 1062 773 1088 vero
794 1047 1109 1088 incommodum
1131 1047 1243 1101 quod
1263 1047 1433 1088 sublato
1461 1046 1586 1087 simul

68 1117 194 1160 foedo
225 1118 347 1160 hiatu
380 1118 663 1160 Buechelerus
695 1118 721 1160 l.
754 1133 785 1159 s.
819 1133 849 1159 s.
881 1133 921 1171 p.
948 1117 1032 1159 569
1066 1117 1127 1158 ita
1159 1117 1343 1158 vitabat:

209 1211 318 1261 Quid
351 1209 390 1253 ss
417 1211 467 1253 de
500 1213 647 1253 vostro
680 1209 901 1266 quippiam
934 1225 1046 1253 aere
1079 1210 1224 1252 orem?
1258 1211 1466 1266 abnuont,

66 1305 307 1358 speciosum
339 1319 441 1346 sane
473 1306 761 1346 commentum
794 1304 889 1346 ideo
922 1305 1207 1346 reiectaneum
1240 1305 1339 1359 erit,
1380 1305 1480 1360 quia
1511 1320 1584 1360 op-

65 1375 225 1429 positio
265 1375 499 1417 attenditur
535 1390 624 1417 non
662 1375 774 1416 inter
813 1374 916 1416 ‘aes'
958 1375 1224 1429 postulatum
1269 1378 1312 1417 et
1355 1376 1462 1417 alias
1505 1392 1585 1427 res,

67 1445 139 1486 sed
179 1446 292 1486 inter
329 1445 430 1486 boni
471 1445 632 1499 publici
675 1444 898 1486 liberalem
942 1445 1235 1500 largitionem,
1278 1445 1435 1500 privati
1473 1444 1518 1501 (i.
1551 1462 1584 1487 e.

68 1514 266 1565 ‘vostri')
317 1515 489 1556 anxiam
538 1514 836 1556 retentionem.
902 1514 1058 1556 Nullus
1108 1515 1241 1569 igitur
1284 1515 1433 1557 dubito
1483 1517 1585 1570 quin

65 1585 198 1639 priori
260 1585 354 1626 loco
407 1585 577 1639 egregie
626 1583 796 1638 Lipsius
852 1585 998 1626 moeris
1054 1583 1358 1640 vindicaverit,
1407 1585 1584 1628 alterius

66 1658 208 1696 autem
240 1654 377 1696 hiatui
409 1655 471 1696 ita
502 1654 832 1696 succurrendum
866 1657 951 1708 est,
982 1657 1030 1695 ut
1061 1657 1136 1695 aut
1166 1659 1261 1696 oret
1293 1655 1367 1709 (sc.
1387 1655 1584 1711 Plautus)

68 1726 283 1767 scribatur
320 1740 416 1766 cum
453 1724 724 1781 Muelleroffl)
766 1726 840 1766 aut
875 1749 923 1754 -
965 1725 1075 1780 quod
1121 1725 1227 1766 mihi
1271 1726 1408 1781 magis
1454 1726 1584 1768 etiam

66 1796 226 1837 arridet
257 1820 310 1826 ——
345 1810 524 1838 exorem.
585 1795 699 1837 Nam
741 1795 941 1837 exorandi
983 1796 1157 1837 verbum
1198 1811 1283 1838 non
1327 1797 1464 1838 solum
1506 1812 1583 1851 pro

65 1866 242 1908 ‘orando
275 1865 522 1920 inipetrare’
562 1865 778 1920 usurpari,
820 1866 892 1907 sed
930 1866 1041 1907 idem
1081 1866 1292 1908 interdum
1331 1866 1584 1921 significare,

161 2017 219 2060 78)
252 2016 304 2050 Cf.
340 2015 566 2050 Niebuhr-ius
600 2015 684 2050 hist.
720 2016 822 2050 Rom.
851 2016 895 2059 ΙΙ,
922 2015 1004 2051 adn.
1032 2019 1094 2058 8ος
1127 2015 1386 2051 Doederlinius
1422 2016 1580 2051 ‘Lateiw

65 2077 201 2120 Syrum.
229 2086 265 2108 u.
293 2074 433 2119 Etym.’
461 2075 487 2109 t.
515 2075 546 2108 V
573 2086 608 2118 p.
636 2077 715 2108 350.
743 2078 822 2109 352.
874 2074 922 2108 Et
947 2075 1111 2108 veterum
1138 2074 1357 2119 scriptorum
1383 2076 1421 2110 et
1444 2076 1583 2109 nostra-

64 2135 157 2169 tium
184 2134 427 2177 interpretum
459 2133 560 2168 locos
587 2132 789 2177 permultos
816 2143 898 2166 cum
925 2131 989 2166 alii
1016 2134 1278 2177 congesserunt
1302 2135 1381 2167 tum
1407 2131 1583 2177 Forbiger

64 2193 111 2226 ad
137 2192 248 2235 Verg.
275 2192 364 2226 Aen.
392 2191 442 2235 11,
469 2195 549 2226 234.

160 2251 218 2294 79)
258 2250 298 2283 Id
337 2261 420 2283 cum
457 2260 569 2293 penes
601 2249 752 2282 idoneos
784 2249 836 2282 rei
870 2249 1025 2284 arbitros
1056 2261 1129 2284 non
1161 2251 1269 2294 egeat
1305 2249 1582 2294 adprobatione,

66 2307 303 2343 nihilominus
339 2307 469 2343 afferre
506 2306 618 2342 liceat
656 2306 754 2352 quod
792 2307 950 2342 maxime
987 2307 1024 2343 in
1063 2308 1237 2353 promptu
1269 2308 1325 2343 est
1357 2307 1581 2353 exemplum:

64 2367 163 2410 quod
195 2367 324 2401 eodem
360 2367 441 2401 loeo
467 2366 677 2401 Priscianus
709 2378 752 2400 ex
779 2366 885 2401 Truc.
913 2367 945 2409 I,
972 2371 1010 2409 2,
1037 2372 1057 2401 2
1092 2366 1242 2402 exhibet
1275 2368 1378 2401 abeat
1413 2378 1496 2400 cum
1522 2366 1581 2400 CD

64 2425 312 2470 consentiens,
338 2436 447 2460 nemo
472 2425 562 2470 puto
588 2435 674 2469 prae
702 2425 779 2459 cod.
801 2425 830 2458 B
856 2425 1038 2470 scriptura
1062 2426 1258 2470 a(b)baetat
1282 2424 1445 2469 recipiet.

158 2486 217 2526 80)
243 2484 266 2518 1.
295 2497 319 2517 s.
349 2497 374 2518 s.
403 2497 437 2527 p.
459 2489 544 2527 536,
580 2484 643 2517 ubi
669 2484 751 2518 coll.
780 2484 885 2527 Capt.
912 2497 945 2518 v.
972 2489 1050 2519 479.
1078 2489 1143 2519 481
1178 2485 1370 2527 praeterea
1401 2483 1446 2517 de
1478 2486 1583 2526 atque

65 2542 229 2576 abnuant
255 2541 396 2586 cogitat
421 2541 623 2586 neglegens
655 2540 732 2575 illic
763 2552 835 2575 non
866 2541 987 2585 ipsum
1018 2552 1232 2586 responsum
1259 2552 1341 2575 cum
1367 2540 1582 2585 quaestione

66 2612 132 2644 per
152 2604 259 2644 alque
284 2599 444 2642 conecti,
471 2599 534 2633 sed
555 2600 690 2634 verba
708 2600 858 2643 inquam
879 2620 922 2624 —
943 2603 1049 2643 atque
1067 2603 1195 2641 tacent,
1220 2601 1392 2634 abnuont.
1430 2600 1581 2643 Propte-

64 2670 125 2692 rea
151 2659 275 2692 autem
301 2668 438 2692 exorem
465 2656 644 2700 praefero,
670 2656 757 2700 quia
776 2668 883 2691 versu
902 2657 1119 2702 interposito
1147 2656 1242 2691 inter
1266 2657 1364 2691 hunc
1384 2658 1422 2691 et
1440 2668 1474 2691 v.
1492 2662 1580 2692 1—3

64 2728 115 2751 me
140 2728 344 2761 pronomen
370 2717 506 2760 exstat,
538 2717 580 2750 ut
609 2715 686 2750 veri
718 2715 836 2750 simile
862 2728 934 2751 non
961 2715 1009 2751 sit
1034 2716 1079 2750 ad
1105 2715 1254 2751 tertiam
1280 2727 1475 2760 personam
1502 2718 1582 2761 (po-

61 2777 186 2819 stulat)
214 2787 279 2821 per
304 2778 378 2810 oret
404 2775 521 2811 redire
549 2774 762 2810 orationem.
1256 2784 1259 2787 ’
