1688 2978
693 98 978 139 „37-

81 211 176 250 λῶ(
216 205 577 255 ἀπολαύωμεν
617 208 701 255 τῆς
741 202 1097 258 πληεμονῆεῃ)
1135 204 1346 257 optimum
1379 204 1593 248 continere

80 279 321 320 trimetrum
375 289 425 315 ex
469 273 632 315 ‘neseio
677 287 760 327 quo
803 274 932 327 poeta
975 274 1136 315 comico
1181 274 1419 315 traductum
1434 274 1458 327 ³,
1507 274 1592 315 iam

80 347 194 389 haud
232 346 374 400 inepte
413 345 456 384 et
491 343 602 385 hunc
641 357 807 398 quoque
845 357 1014 384 versum
1054 358 1103 384 ex
1135 343 1357 384 Menandri
1389 343 1592 397 Sicyonio

82 417 378 471 depromptum
417 429 509 456 esse
548 414 853 455 arbitrabimur
889 416 932 454 et
968 412 1189 455 Diniarchi
1227 414 1356 455 verba
1394 414 1439 455 in
1477 429 1592 456 com-

78 486 347 542 parationem·
377 484 665 527 adscribemus
697 483 751 539 II,
771 484 809 539 3,
830 485 976 539 21sq.:

196 580 257 623 Ut
287 581 379 622 rem
412 593 580 620 servare
613 579 802 621 suavest!
834 594 910 620 vae
943 578 1098 620 misero
1132 579 1256 621 mihi!

167 651 474 704 *Postpartum
506 649 615 691 flebo
632 647 694 704 7²),
726 650 798 703 qui
831 641 1103 704 ¹antepartum
1134 650 1311 704 perdidi.

195 720 356 763 Verum
389 734 501 762 nunc
534 719 656 773 siqua
687 718 791 759 mihi
824 719 1029 773 obtigerit
1059 719 1286 773 hereditas,

195 791 354 846 Magna
387 791 514 843 atque
545 788 775 842 luculenta,
806 803 917 830 nunc
948 791 1178 844 postquam
1211 790 1298 831 scio

198 860 331 901 Dulce
365 861 490 912 atque
523 871 714 898 amarum
747 857 846 911 quid
878 859 935 898 sit
967 873 1015 899 ex
1048 860 1245 912 pecunia:

195 930 262 972 Ita
294 944 372 985 ego
398 928 521 983 illam
549 927 735 981 [ede]pol
768 942 929 968 servem
960 927 1105 983 itaque
1138 943 1261 983 parce
1295 927 1495 983 victitenl,

201 999 260 1041 Ut
292 1024 346 1029 —
378 998 498 1040 milla
528 996 661 1038 faxim
695 996 753 1038 css
786 997 876 1038 dies
906 999 1064 1051 pauoris
1098 998 1189 1039 siet.

195 1128 313 1170 Haec
343 1127 475 1169 habui
507 1127 557 1167 de
577 1125 800 1167 Menandri
821 1125 1022 1180 Sicyonio
1056 1141 1159 1172 cuni,
1172 1126 1315 1168 Plauti
1334 1127 1591 1170 Truculento

78 1199 336 1242 conferenda
368 1213 473 1254 quae
504 1197 546 1238 in
580 1196 764 1238 medium
797 1196 1043 1251 proferrem.
1103 1197 1169 1239 Ex
1202 1198 1355 1253 quibus
1389 1199 1514 1258 simul
1549 1203 1592 1240 et

81 1270 185 1310 illud
218 1270 419 1324 apparuit
456 1268 791 1310 contaminatam
830 1282 916 1309 non
949 1282 1041 1309 esse
1073 1269 1376 1310 Truculentum
1409 1273 1451 1311 et
1480 1259 1590 1312 ¹illud

78 1340 147 1381 vix
180 1343 295 1381 certa
327 1340 493 1382 ratione
532 1338 658 1379 inniti
690 1338 802 1392 quod
834 1337 1044 1393 Bcrgkius
1077 1339 1170 1380 loco
1203 1353 1326 1394 quem
1360 1354 1490 1393 supra
1523 1355 1589 1382 ex·

77 1411 324 1465 scripsimus
352 1409 496 1465 (1215)
523 1409 710 1449 affirmat
734 1407 1038 1449 Truculentum
1072 1409 1262 1450 omnium
1296 1410 1479 1450 maxime
1513 1425 1589 1452 suo

76 1484 124 1522 ut
156 1481 311 1522 dicitur
341 1480 482 1521 Marte
514 1495 538 1520 a
568 1478 722 1520 Plauto
761 1478 1045 1531 compositam
1086 1492 1188 1519 esse.
1249 1478 1363 1520 Nam
1395 1479 1589 1534 equidem

79 1565 167 1593 non
192 1551 292 1592 novi
318 1550 522 1603 fabulam,
553 1548 596 1589 in
623 1562 706 1603 qua
729 1550 819 1589 tam
847 1548 980 1589 multa
1006 1548 1109 1589 satis
1137 1552 1331 1590 accurate
1359 1564 1408 1590 ex
1435 1563 1588 1604 graeco

80 1622 205 1664 fonte
238 1636 440 1676 expressa
472 1634 563 1661 esse
597 1615 726 1660 ctiam
758 1633 869 1660 nunc
901 1619 1184 1661 demonstrari
1215 1620 1363 1674 possit.

197 1821 277 1863 Sed
320 1820 431 1875 quod
472 1821 598 1861 antea
645 1819 694 1860 de
739 1818 911 1861 incertis
953 1834 1079 1872 saepe
1121 1819 1287 1861 iudiciis
1330 1821 1588 1874 generaliter

80 1892 265 1933 definitis
298 1890 444 1931 monui
476 1890 740 1944 singularum
771 1903 914 1929 rerum
941 1892 1138 1930 accurata
1163 1891 1376 1931 enarratio
1405 1890 1440 1931 si
1467 1890 1589 1944 desit,

73 1977 160 2003 non
192 1962 331 2003 minus
363 1961 414 2002 de
446 1960 506 2001 eis
540 1958 861 2014 quaestionibus
893 1959 1025 2014 valet,
1071 1974 1178 2014 quae
1217 1960 1271 2001 ad
1308 1960 1404 2014 ipsa
1435 1964 1586 2015 poet-ae

75 2033 206 2073 verba
236 2032 451 2086 pertinent
462 2064 472 2085 ,
515 2045 622 2085 quae
655 2043 703 2070 eo
737 2029 927 2071 cautiore
959 2044 1089 2084 opera
1121 2032 1445 2084 pertractandae
1478 2035 1587 2085 sunt,

79 2117 162 2157 quo
202 2102 418 2143 difficilior
455 2102 499 2141 in
534 2101 615 2142 hac
652 2100 923 2154 potissimum
959 2100 1105 2142 fabula
1139 2102 1327 2143 omnium
1359 2102 1589 2157 corruptis-

80 2173 188 2214 sima
228 2175 345 2214 certa
385 2172 452 2214 vel
492 2171 728 2226 probabilis
769 2171 919 2212 saltem
962 2174 1185 2213 contextus
1227 2188 1352 2227 quem
1387 2187 1586 2215 vocamus

172 2288 228 2329 71)
256 2290 381 2330 καλὴν
408 2299 438 2321 κ.
460 2289 520 2321 ἀπ.
540 2289 622 2330 τὴν
641 2288 862 2330 πληεμονήν
882 2287 989 2331 Flor.¹
1009 2274 1328 2323 unde'Meinekius
1348 2290 1587 2332 ἀπολάψομεν

74 2345 231 2381 coniecit
262 2356 328 2391 pro
355 2346 625 2388 ἀπολαύεομεν;
662 2346 774 2381 ceteri
804 2345 890 2380 libri
922 2349 1050 2381 καλῶς
1088 2359 1117 2381 κ.
1151 2348 1209 2381 ἀπ.
1242 2350 1320 2390 τῆς
1350 2350 1586 2391 πληεμονῆε,

73 2406 170 2450 quod
195 2404 331 2441 retinui
358 2416 439 2439 cum
466 2405 576 2440 verbo
602 2406 854 2448 ἀπολαύωμεν
880 2406 1140 2448 (ἀπολαύεομαι
1166 2406 1264 2450 apud
1290 2405 1411 2451 ipsum
1437 2409 1586 2451 poetam

80 2465 199 2499 forma
223 2463 365 2507 fuerit);
393 2463 456 2497 sed
482 2465 592 2507 καλῆς
618 2464 810 2509 corrigere,
836 2475 946 2508 quam
973 2466 1090 2498 καλῶς
1116 2464 1303 2509 duplicare
1330 2465 1456 2500 malui.

169 2524 228 2566 72)
257 2523 491 2566 Postpartum
517 2534 600 2556 cum
627 2522 825 2568 Spengelio
850 2522 1099 2566 Muelleroque
1125 2523 1148 2557 l.
1170 2535 1196 2558 s.
1218 2536 1244 2558 s.
1271 2536 1306 2568 p.
1323 2528 1390 2559 289
1416 2536 1482 2569 pro
1503 2528 1586 2569 post

75 2583 213 2625 factum
237 2580 399 2625 reposui3
426 2581 490 2615 sed
514 2581 553 2614 in
579 2583 698 2624 flector
724 2581 890 2615 codicum
917 2581 1098 2625 scriptura
1118 2591 1183 2616 nec
1202 2585 1318 2625 specto
1339 2582 1587 2627 (Spengelius)

73 2652 141 2675 nec
165 2644 276 2675 sector
301 2638 525 2683 (Muellerus)
553 2650 620 2674 nec
639 2640 777 2683 plector
802 2639 1024 2684 (Geppertus
1044 2651 1125 2674 cum
1147 2639 1251 2674 Italis
1277 2640 1584 2685 cf.1.s.s.p.109)

73 2698 189 2733 latere
214 2697 424 2742 videbatur,
462 2698 524 2732 sed
549 2699 637 2742 flebo
663 2699 772 2742 (flcdo
792 2713 799 2732 :
820 2698 993 2743 flect0[⁷·])
1021 2698 1148 2733 eodem
1175 2698 1352 2743 temporis
1379 2699 1493 2733 futuri
1518 2711 1586 2733 usu

74 2756 297 2801 adhibitum,
335 2768 444 2801 quem
481 2758 566 2801 post
599 2756 816 2792 Teuffelium
849 2756 991 2792 Brixius
1029 2768 1144 2802 nuper
1182 2757 1393 2802 explanavit
1429 2757 1475 2791 ad
1506 2756 1582 2791 Mil.

74 2816 165 2861 glor.
193 2829 226 2850 v.
253 2820 331 2850 395.
