1688 2978
700 126 988 166 „11-

146 234 346 276 Amantis
380 233 416 274 si
449 232 521 287 qui
552 233 639 273 n6n
671 232 847 285 danunt,
878 255 936 260 -
966 245 1053 272 non
1085 229 1210 271 didici
1242 230 1448 283 baiolare,

85 332 179 359 cum
217 315 424 358 facillime
463 317 506 356 et
543 314 721 356 baiolare
757 314 813 355 in·
840 328 987 355 versus
1021 312 1135 354 exitu
1167 327 1263 353 cum
1292 312 1479 364 fabulari
1510 326 1600 366 per-

84 386 242 429 mutari
279 387 322 426 et
357 385 473 427 facta
510 385 591 427 hac
622 384 936 439 permutatione
968 398 1115 426 versus
1149 384 1279 425 etiam
1310 384 1405 425 loco
1438 382 1600 424 moveri

84 471 160 511 per
190 455 357 497 librarii
389 470 574 497 errorem
599 456 799 509 potuerit.
850 455 1116 509 Quamquam
1142 469 1196 495 ne
1221 454 1400 495 baiolare
1430 453 1601 507 quidem

85 526 296 580 scriptura
332 541 444 567 nunc
475 526 582 567 mihi
620 526 850 580 satisfacit,
890 528 1068 580 propter
1107 525 1292 565 similem
1324 523 1601 577 Alciphronis

85 597 226 638 locum
258 596 398 650 Epist.
419 596 451 650 Ι,
472 596 540 650 36,
560 596 603 637 3:
635 596 708 650 qui
734 611 964 650 quamnam
989 595 1149 637 habeat
1174 595 1261 636 vim
1294 597 1445 649 postea
1471 609 1601 648 appa—

85 666 196 707 rebit
226 681 266 720 p.
293 666 345 708 31
362 681 421 721 sq.

203 736 285 778 Sed
324 737 454 778 etiam
498 738 610 779 hunc
656 737 728 792 qui
764 737 810 778 in
847 737 969 778 libris
1010 737 1223 778 antecedit
1261 751 1407 777 versus
1446 736 1599 791 dignus

85 809 162 862 est,
195 808 267 863 qui
299 809 537 850 accuratius
571 823 698 863 quam
730 808 866 850 adhuc
897 808 1058 849 factum
1092 810 1156 848 est
1187 808 1410 848 tractetur:

144 891 209 932 Eo
242 891 354 931 dicta
385 891 532 946 lingua
563 872 702 932 dulcia
734 891 844 932 datis
877 890 1001 931 corde
1034 905 1181 931 amara
1212 889 1355 930 facitis
1388 889 1438 942 A,

142 960 320 1016 Linguis
352 961 466 1002 dicta
497 960 638 1002 dulcia
669 961 779 1002 datis
814 960 941 1002 corde
973 974 1116 1001 amare
1148 959 1271 1000 factis
1304 959 1350 1000 P.

84 1042 201 1084 Haec
226 1044 356 1085 verba
380 1042 607 1097 Machlyus
640 1043 667 1084 l.
694 1058 725 1084 s.
753 1057 784 1084 s.
817 1042 1005 1083 eicienda
1036 1056 1127 1083 esse
1160 1041 1267 1082 dixit
1300 1043 1346 1082 ut
1379 1041 1596 1095 apertissi-

84 1128 200 1154 mum
232 1114 446 1168 glossema
477 1128 676 1155 versuum
708 1113 740 1167 I,
773 1114 811 1167 2,
847 1114 899 1155 76
921 1128 999 1168 sq.:

141 1194 192 1236 In
224 1195 352 1236 melle
385 1198 485 1237 sunt
515 1195 691 1251 linguae
723 1196 829 1237 sitae
862 1197 1033 1237 vostrae
1067 1196 1194 1249 {itque
1228 1194 1443 1236 orationes

142 1265 273 1306 Facta
306 1267 433 1320 atque
465 1266 592 1307 corda
622 1267 666 1307 in
696 1266 797 1306 felle
830 1268 930 1307 sunt
955 1266 1062 1306 sitae
1090 1267 1217 1319 atque
1244 1266 1396 1306 acerbo
1424 1267 1556 1307 aceto.

85 1345 280 1389 Concedo
313 1349 411 1401 post
436 1347 514 1389 hos
541 1362 690 1389 versus
716 1348 1043 1390 venustissimos
1059 1338 1174 1389 *satis
1201 1329 1449 1401 languidam
1475 1348 1596 1390 illam

83 1418 382 1471 repetitionem
416 1432 518 1472 esse,
551 1418 623 1459 sed
654 1421 745 1459 tam
769 1418 887 1460 facili
912 1418 1088 1472 negotio
1116 1433 1209 1459 eam
1234 1418 1445 1458 removeri
1471 1433 1597 1472 posse

83 1502 205 1543 nego.
262 1488 375 1530 Nam
408 1492 449 1531 et
481 1489 592 1544 quod
624 1503 798 1531 caesura
829 1503 1000 1531 versum
1032 1502 1202 1530 carere
1233 1487 1459 1542 Machlyus
1493 1489 1598 1530 dixit

82 1573 169 1599 non
199 1561 313 1600 recte
345 1560 548 1601 recitasse
580 1559 766 1613 videtur,
797 1574 933 1614 neque
965 1559 1129 1600 dicendi
1160 1573 1294 1613 genus
1326 1573 1401 1612 per
1434 1573 1476 1600 se
1510 1560 1598 1600 vul-

85 1630 200 1685 garis
232 1630 601 1685 interpretamenti
635 1630 819 1685 speciem
851 1644 953 1684 pra-e
985 1644 1028 1671 se
1055 1629 1149 1671 fert.
1200 1630 1340 1684 Atque
1373 1629 1479 1671 illud
1511 1629 1596 1671 iam

83 1700 276 1754 Buggius
309 1701 473 1741 monuit
503 1701 659 1742 Philol.
691 1703 721 1742 t.
743 1700 886 1741 XXXI
921 1698 975 1754 (a.
1000 1700 1130 1755 1871)
1163 1716 1202 1753 p.
1235 1701 1318 1741 359
1353 1701 1407 1742 ob
1440 1701 1597 1742 allitte-

82 1770 295 1811 rationem
339 1770 733 1824 oppositionemque
777 1770 889 1810 inter
932 1771 1073 1823 linqua
1116 1773 1158 1811 et
1200 1771 1314 1811 corde
1357 1771 1597 1825 quaesitam

84 1840 217 1881 verba
254 1854 302 1881 eo
335 1854 460 1894 quem
490 1840 524 1880 P
557 1840 730 1881 exhibet
762 1840 905 1881 ordine
938 1841 1186 1882 collocanda
1219 1855 1322 1882 esse.
1386 1840 1467 1882 Sed
1500 1853 1597 1894 gra-

85 1909 204 1951 viora
241 1912 415 1952 restant.
482 1910 546 1951 Eo
585 1911 695 1951 enim
734 1911 779 1951 in
815 1925 961 1951 versus
1000 1911 1207 1964 principio
1246 1910 1278 1951 P
1324 1911 1505 1964 omittit,
1550 1914 1597 1952 ut

85 1980 326 2029 trochaicus
346 1995 546 2022 numerus
566 1981 757 2034 exsistat,
776 1995 911 2035 neque
936 1980 1218 2034 improbabile
1246 1984 1311 2022 est
1336 1981 1596 2035 particulam

85 2051 129 2091 in
162 2050 201 2091 A
233 2051 285 2092 ad
317 2051 595 2103 conectendas
629 2051 861 2092 sententias
895 2051 1104 2092 adiectam
1137 2066 1240 2092 esse.
1291 2051 1413 2100 Quod
1444 2054 1491 2092 ut
1522 2066 1596 2105 per

87 2135 131 2161 se
175 2121 219 2161 in
261 2123 486 2174 utramque
531 2123 695 2175 partem
738 2121 949 2175 disputari
992 2121 1152 2175 possit,
1203 2123 1393 2163 exeuntis
1448 2137 1597 2163 versus

87 2190 316 2231 discrimen
347 2205 437 2231 rem
470 2191 521 2231 ad
554 2191 738 2232 calculos
765 2193 900 2232 vocat.
951 2191 1042 2240 Quo
1071 2206 1163 2232 cum
1190 2191 1223 2231 P
1246 2192 1369 2243 factis
1394 2192 1598 2245 praebeat

85 2275 162 2314 pro
191 2260 347 2312 facitis,
391 2259 501 2301 hanc
539 2275 645 2314 quae
683 2261 900 2303 levissima
938 2276 1028 2302 esse
1067 2261 1233 2302 videtur
1264 2262 1597 2315 discrepantiam

84 2344 350 2383 nequaquam
394 2331 689 2385 neglegemus,
743 2332 777 2371 si
822 2332 1161 2385 reputaverimus
1205 2332 1472 2385 ineptissime
1517 2332 1598 2373 dici

83 2401 198 2442 corde
237 2400 401 2452 facere
444 2400 615 2455 aliquid.
676 2402 852 2443 Etenim
892 2403 1007 2444 corde
1049 2403 1274 2444 consultare
1316 2403 1384 2443 vel
1430 2403 1598 2456 ayltare,

85 2471 282 2520 volutare,
325 2484 489 2512 vorsare
519 2472 679 2524 aliquid
708 2472 942 2514 locutiones
974 2487 1053 2513 usu
1085 2472 1280 2526 veniunt,
1324 2474 1438 2514 corde
1467 2473 1599 2525 facere

85 2543 127 2582 et
158 2542 211 2582 ab
244 2555 325 2582 usu
357 2543 399 2581 et
431 2556 455 2581 a
486 2541 714 2583 verborum
745 2542 920 2584 notione
954 2542 1167 2583 abhorret.
1228 2542 1307 2584 His
1340 2543 1475 2597 igitur
1507 2559 1596 2585 mo—

84 2611 240 2652 mentis
271 2611 573 2665 perpensitatis
600 2626 648 2652 ex
676 2612 763 2653 cod.
784 2612 817 2653 P
849 2611 902 2653 ad
934 2612 1201 2653 octonarium
1231 2613 1498 2655 trochaicum
1532 2614 1598 2654 de-

84 2682 277 2724 ducimur
309 2682 370 2723 sic
400 2681 487 2723 fere
512 2682 833 2724 reformandum
860 2698 909 2724 ac
932 2697 1009 2737 pro
1036 2698 1233 2724 versuum
1260 2684 1597 2726 antecedentium

84 2752 178 2794 loco
211 2752 418 2804 parallelo
451 2752 770 2794 declarandum:

143 2834 309 2890 Lingua
340 2836 454 2876 dicta
485 2835 626 2877 dulcia
657 2836 768 2878 datis
801 2837 924 2878 corde
958 2852 1104 2878 amara
1134 2837 1292 2889 factm
1325 2838 1572 2892 agitat]is.
