1688 2978
389 412 886 467 FRIDERIOVS
944 412 1314 482 sOHOELL

223 560 777 649 FRIDERIOO
841 577 1291 650 RITSOHE
1303 578 1473 649 LIO

818 760 874 822 S.

209 966 330 1016 Quod
355 982 492 1021 nuper
515 967 628 1022 patri
660 966 765 1009 mihi
797 981 892 1009 meo
919 967 1140 1009 dicendum
1167 970 1270 1021 erat,
1302 982 1398 1009 cum
1425 982 1598 1022 parvam

88 1036 141 1078 ad
174 1051 269 1079 eum
308 1038 491 1092 opellam
522 1038 634 1092 grati
672 1037 816 1091 piique
854 1038 984 1078 animi
1015 1038 1198 1079 testandi
1240 1051 1342 1092 ergo
1380 1038 1599 1091 deferrem,

87 1107 197 1147 idem
241 1108 327 1148 iam
364 1107 519 1149 Tecum
566 1108 769 1149 orandum
814 1110 896 1161 est,
938 1110 1190 1161 praeceptor
1226 1108 1457 1162 carissime,
1501 1108 1597 1149 huic

91 1178 295 1232 opusculo
340 1178 452 1232 quod
496 1177 632 1218 Tuum
676 1191 830 1218 nomen
872 1177 1103 1219 inscribere
1141 1193 1268 1220 ausus
1307 1192 1410 1219 sum.
1484 1177 1597 1219 Nam

86 1248 236 1289 vellem
274 1248 487 1303 equidem,
529 1250 576 1289 ut
620 1248 768 1289 afferre
806 1261 977 1301 possem
1015 1247 1126 1302 quod
1167 1247 1382 1301 aliquanto
1426 1247 1596 1302 dignius

85 1322 198 1360 esset
221 1319 320 1360 Tuis
346 1319 391 1360 in
416 1333 483 1359 me
509 1319 671 1360 meritis
697 1321 740 1359 et
765 1318 918 1359 eximio
944 1332 1026 1372 quo
1052 1332 1119 1359 me
1146 1318 1417 1372 amplecteris
1444 1319 1595 1360 studio.

85 1388 166 1429 Sed
207 1389 285 1429 tali
322 1388 571 1429 tractationi
615 1388 816 1442 quoniam
861 1388 971 1428 vires
1014 1402 1101 1428 non
1145 1388 1381 1441 sufficiunt,
1424 1389 1595 1429 tantillo

84 1459 229 1513 potius
268 1473 397 1514 quam
432 1458 551 1501 nullo
589 1458 841 1500 munusculo
880 1457 1208 1513 significaverim
1252 1473 1379 1513 quam
1423 1458 1595 1513 penitus

85 1529 165 1569 Tui
197 1532 239 1569 et
271 1543 391 1570 amor
422 1532 464 1569 et
496 1529 721 1576 admiratio
759 1531 906 1582 pectus
944 1543 1085 1569 meum
1123 1532 1381 1582 permoveat.
1454 1529 1595 1583 Atque

84 1598 189 1640 illud
208 1598 326 1640 'mihi
359 1599 517 1641 solacio
550 1601 625 1653 est,
656 1598 767 1654 quod
798 1600 847 1640 ut
878 1598 963 1640 alia
994 1598 1056 1639 ita
1080 1598 1161 1640 hoc
1192 1613 1217 1640 a
1242 1597 1301 1640 Te
1333 1598 1476 1640 didici:
1508 1613 1594 1640 non

84 1669 438 1710 contemnendum
469 1683 560 1710 esse
586 1669 698 1723 quod
729 1669 823 1723 quis
850 1669 902 1709 ad
935 1668 1077 1709 studia
1100 1671 1248 1709 nostra
1278 1669 1346 1710 vel
1377 1669 1593 1710 tantillum

85 1738 295 1793 conferat,
345 1739 381 1780 si
425 1739 594 1793 quidem
637 1753 737 1781 vera
784 1727 985 1793 precedat
1030 1738 1260 1793 indagandi
1310 1739 1473 1780 ratione
1517 1753 1592 1780 nec

83 1809 225 1849 minus
244 1808 470 1850 tritissima
489 1823 678 1864 quaeque
699 1808 857 1850 devitet
875 1823 1022 1850 rursus
1054 1822 1280 1862 recoquere
1306 1822 1433 1862 quam
1459 1809 1592 1862 probe

86 1879 307 1932 explorata
338 1879 566 1920 immaturo
599 1879 740 1920 studio
772 1893 948 1932 novare3
979 1892 1057 1919 nec
1088 1880 1232 1918 tamen
1264 1878 1485 1919 audaciam
1516 1893 1593 1932 per

86 1961 130 1988 se
161 1947 486 2002 vituperandam
519 1963 609 1989 esse
642 1948 849 2001 ostendis,
881 1947 981 1988 dum
1010 1947 1136 1988 modo
1169 1961 1317 2001 sapere
1350 1947 1593 1988 audeamus.

80 2016 174 2060 Hoc
205 2018 338 2073 igitur
368 2018 459 2073 ipse
490 2032 656 2073 quoque
682 2019 798 2060 volui
830 2019 942 2059 certe
974 2017 1138 2059 efficere
1171 2020 1214 2059 et
1243 2018 1287 2058 in
1320 2018 1413 2059 aliis
1445 2021 1487 2058 et
1511 2017 1591 2059 hac

82 2088 126 2128 in
159 2089 472 2142 scriptiuncula.
535 2088 615 2130 Sed
646 2089 692 2130 in
722 2089 876 2130 litteris
908 2089 1108 2143 quoniam
1145 2103 1232 2129 non
1271 2092 1339 2129 sat
1376 2092 1441 2130 est
1472 2090 1587 2130 volu-

81 2157 165 2199 isse
210 2183 264 2187 —
313 2173 414 2200 nam
452 2159 519 2200 cui
557 2174 644 2201 non
688 2159 873 2214 suppetit
909 2158 1021 2213 quod
1059 2173 1205 2200 verum
1245 2158 1300 2199 sit
1337 2161 1412 2200 aut
1448 2159 1590 2199 verius

82 2228 234 2269 saltem
272 2243 400 2283 quam
444 2244 551 2283 quae
597 2232 725 2272 antea
767 2230 933 2284 prolata
972 2231 1088 2283 sunt,
1132 2243 1306 2271 manum
1349 2229 1400 2269 de
1442 2229 1591 2270 tabula

78 2297 255 2339 habeto!
298 2322 367 2352 —7
410 2299 495 2339 iam
533 2314 628 2339 cum
665 2299 845 2340 aliorum
889 2299 1144 2340 arbitrorum
1181 2301 1273 2338 tum
1309 2298 1445 2338 Tuum
1491 2301 1590 2338 ante

81 2382 225 2410 omnes
269 2368 472 2409 iudicium
509 2383 575 2410 me
613 2369 802 2422 docebit,
845 2369 890 2409 in
926 2368 1079 2409 Plauto
1118 2367 1376 2409 recensendo
1416 2382 1588 2421 operam

80 2452 207 2492 quam
251 2437 430 2491 posthac
481 2437 531 2478 de
581 2438 748 2492 integro
798 2438 951 2479 faciam
1004 2437 1235 2491 spectanda
1279 2452 1333 2478 an
1382 2437 1589 2491 exigenda

78 2507 200 2548 vobis
234 2508 290 2548 sit
320 2508 450 2560 prius.

196 2577 304 2619 Vale
337 2577 524 2633 mihique
556 2578 699 2620 favere
731 2591 870 2633 perge.

693 2752 977 2760 ⁷*
