1688 2978
712 50 997 90 ,30-

304 151 546 204 Ἄνθρωπε,
579 156 724 205 πέρυει
757 155 927 204 πτωχὸς
960 155 1063 206 ἦεθα
1096 155 1161 195 καὶ
1194 153 1353 205 νεκρός,

303 223 395 263 νυνὶ
427 224 474 264 δὲ
506 226 706 266 πλουτεῖ(

89 330 174 356 non
207 315 398 357 absimili
431 316 623 360 fortasse
654 319 820 360 ratione
852 318 898 359 in
928 317 1152 359 Menandri
1184 317 1331 359 fabula
1372 317 1610 359 colocatum
1639 310 1641 312 ¹

89 388 199 438 erat,
231 400 361 440 quam
395 402 478 442 qua
510 389 554 430 iu
586 389 844 430 Truculento
878 390 1019 430 exstat
1049 388 1082 441 I,
1113 389 1152 441 2,
1186 389 1241 429 62
1262 403 1342 442 sq.:

149 489 255 531 Ast.
303 491 416 532 Dum
449 492 555 534 vivit
586 494 805 534 hominem
837 493 1026 534 noveris:
1058 493 1132 533 ubi
1161 494 1372 534 inortuost
1398 494 1609 547 quiescas3

303 560 363 602 Te
405 561 505 603 dum
548 563 723 605 vivebas
763 564 977 604 noveram.
1057 561 1130 602 Di.
1180 561 1249 603 An
1289 577 1355 603 me
1395 563 1610 603 mortuom

940 632 1180 674 arbitrare?

89 700 138 741 cf.
171 701 269 742 ibid.
303 717 339 743 v.
373 703 428 743 72
449 717 528 757 sq.:

148 805 219 847 Di.
297 806 395 849 Non
439 808 582 848 hercle
627 821 706 862 ego
752 808 908 861 oppido
923 806 977 862 ⁵⁸)
1023 808 1177 849 occidi:
1228 808 1327 848 sunt
1372 807 1430 848 mi
1475 809 1606 848 etiam

938 878 1059 920 fundi
1091 881 1133 919 et
1164 878 1292 920 aedis.

149 947 253 988 Ast.
298 947 416 996 Quor
442 949 622 990 obsecro
651 962 754 1002 ergo
782 952 879 990 aute
907 949 1066 990 ostium
1098 963 1175 1002 pro
1201 948 1351 1003 ignoto
1384 947 1608 1002 alienoque

941 1019 1086 1060 adstas
1098 1019 1119 1060 ἶ)
1134 1016 1186 1073 ⁵9)

212 1146 329 1195 Quae
368 1150 511 1188 autem
550 1148 595 1188 in
626 1147 886 1189 Truculento
926 1151 1025 1202 post
1056 1148 1186 1189 verba
1216 1147 1288 1188 An
1319 1160 1381 1188 me
1410 1149 1609 1187 mortuom

88 1216 324 1256 arbitrare?
356 1217 605 1257 insecuntur
636 1218 679 1258 in
712 1218 855 1258 libris:

153 1309 236 1358 Qui
257 1310 372 1364 potis
396 1312 496 1362 [est]
519 1312 673 1352 amabo
693 1311 893 1365 planius?
925 1312 997 1366 qui
1019 1311 1198 1352 antehae
1224 1312 1391 1352 amator
1417 1322 1608 1350 summus

150 1379 335 1420 Habitus
376 1380 411 1421 si
450 1379 535 1434 (est
567 1381 661 1436 OD)
702 1382 843 1422 istunc
881 1381 933 1422 ad
972 1382 1153 1423 amicam
1190 1381 1333 1422 uerius
1371 1378 1610 1421 uerimonia
1656 1435 1661 1438 Δ

941 1452 1109 1507 referre,

90 1543 134 1584 in
169 1544 229 1584 eis
263 1543 535 1586 Camerarius
574 1559 709 1587 meras
738 1547 1030 1597 querimonias,
1067 1559 1177 1587 nuno
1207 1559 1284 1598 pro
1316 1545 1447 1585 istunc
1478 1542 1607 1596 Spen-

90 1612 247 1668 geliuS,
295 1613 474 1669 denique
511 1615 726 1668 deserendi
763 1630 839 1669 pro
871 1615 1082 1668 referendi
1112 1614 1288 1656 verbum
1322 1612 1607 1668 Kiesslingius

90 1685 117 1724 l.
152 1699 183 1724 s,
218 1699 249 1724 s,
281 1699 320 1737 p.
343 1686 428 1725 625
460 1687 585 1726 certis
619 1687 859 1727 rationibus
892 1687 1188 1737 restitueruut3
1222 1685 1294 1725 sed
1328 1699 1405 1725 nec
1435 1683 1609 1724 habitu's

90 1767 168 1794 nec
198 1753 381 1807 referres
412 1753 618 1811 (deferres
649 1753 959 1813 Kiesslingius)
992 1770 1116 1814 quem
1149 1755 1234 1797 iam
1266 1753 1498 1796 Muellerus
1530 1752 1556 1795 l.
1577 1767 1608 1794 s.

89 1941 142 1974 Ac
171 1941 200 1974 si
228 1941 285 1975 cui
312 1944 485 1986 argutum
506 1943 611 1987 illud,
638 1944 736 1987 quod
757 1955 800 1977 ex
820 1943 1014 1987 proverbio
1035 1943 1080 1977 de
1100 1953 1172 1986 quo
1192 1941 1336 1985 agimus
1356 1942 1471 1975 inesse
1492 1940 1609 1984 possit

88 1998 306 2041 sententiae,
334 1999 519 2034 Euclionis
544 1999 693 2045 ingenio
719 2011 790 2035 non
816 2000 906 2035 satis
932 1999 1126 2035 convenire
1153 1999 1333 2043 videatur,
1359 2009 1469 2043 quam
1490 1997 1607 2032 altero

94 2057 175 2092 loco
202 2058 377 2102 proposui
403 2059 624 2102 scripturam
651 2060 763 2094 etiam
789 2060 1008 2104 simpliciter
1032 2059 1193 2103 accipias
1218 2058 1316 2093 licet.

184 2142 242 2182 58)
269 2151 331 2184 eyo
357 2140 490 2184 oppido
523 2140 714 2185 praeclare
748 2140 936 2186 supplevit
963 2140 1159 2175 Muellerus
1184 2140 1208 2175 l.
1236 2152 1261 2176 s.
1290 2152 1317 2176 s,
1344 2152 1377 2184 p.
1406 2143 1469 2173 681
1501 2140 1608 2183 (totus

88 2198 270 2242 Bergkius
297 2199 319 2231 l.
349 2212 374 2231 s.
404 2212 430 2233 s.
458 2212 492 2243 p.
521 2203 605 2242 102,
637 2211 698 2243 690
724 2201 869 2233 omuino
895 2200 1035 2233 Brixius
1060 2199 1176 2243 Epist.
1205 2199 1250 2233 ad
1278 2200 1412 2242 Speng.
1438 2210 1473 2240 p.
1500 2200 1521 2230 8
1553 2209 1607 2231 as-

88 2256 268 2291 sentiente
303 2256 528 2301 Kiesslingio
559 2257 582 2293 l.
616 2269 642 2292 s.
675 2269 701 2294 s,
737 2270 771 2302 p.
800 2259 888 2303 626)
921 2257 966 2293 cf.
999 2257 1121 2294 Aulul.
1154 2257 1222 2302 111,
1251 2261 1288 2301 1,
1315 2262 1352 2292 5:
1391 2260 1486 2291 totus
1510 2256 1609 2291 doleo

88 2318 196 2357 atque
220 2316 354 2358 oppido
374 2316 484 2358 perii.

184 2399 242 2441 59)
277 2396 347 2431 Sed
379 2409 451 2432 non
484 2396 592 2432 modo
627 2407 736 2440 quem
763 2396 981 2442 Spengelius
1014 2397 1142 2432 attulit
1172 2396 1304 2432 similis
1337 2398 1393 2432 est
1419 2397 1548 2449 Pseud.
1575 2410 1607 2433 v.

89 2459 176 2489 248:
207 2456 392 2490 Mortuost
417 2456 480 2499 qui
503 2455 595 2498 fuit,
620 2455 684 2499 qui
708 2458 757 2489 est
782 2456 813 2489 is
838 2456 950 2490 vivost
980 2455 1172 2499 multoque
1202 2454 1266 2499 qui
1290 2454 1378 2491 ibid.
1406 2468 1438 2490 v.
1465 2460 1533 2490 309
1554 2468 1607 2501 sq.

88 2513 293 2558 insequitur
318 2513 488 2549 similior:
523 2514 641 2558 Atque
665 2524 727 2558 eqo
752 2517 784 2548 te
807 2514 923 2548 vivom
947 2514 1149 2559 salvomque
1173 2515 1302 2549 vellem.
1356 2515 1423 2549 1²3.
1450 2514 1534 2550 Eho
1558 2528 1608 2551 an

88 2573 163 2606 iam
188 2572 388 2607 ‘moi-tuost?
437 2572 484 2607 Β.
519 2573 607 2606 Utut
631 2576 691 2616 est,
717 2573 806 2606 milei
829 2573 970 2616 quidem
990 2573 1153 2617 profecto
1178 2584 1257 2606 cum
1281 2574 1362 2607 istis
1386 2574 1493 2608 dietis
1516 2585 1607 2609 mor-

88 2634 193 2666 tuost.
246 2632 342 2665 Ilico
366 2631 460 2665 vincit
486 2634 639 2672 amator,
671 2631 736 2664 ubi
760 2632 882 2666 lenoni
905 2632 1106 2675 supplicat,
1139 2642 1265 2666 verum
1292 2631 1405 2665 etiam
1430 2631 1508 2676 ipse
1533 2633 1608 2668 Me-

88 2689 229 2723 nander
263 2689 300 2722 iu
327 2689 496 2732 Epiclero
531 2689 657 2723 eadem
691 2690 732 2722 ut
763 2689 908 2724 videtur
932 2690 1075 2724 ratione
1101 2690 1306 2734 usurpavit:
1344 2689 1378 2723 τί
1405 2691 1438 2723 δ’
1463 2691 1507 2724 ἂν
1532 2692 1608 2733 ἔχοι

87 2749 216 2791 νεκρὸς
242 2748 394 2791 ἀγαθόν,
421 2748 514 2782 ὅπου
540 2748 575 2789 γ’
601 2747 634 2781 οἱ
660 2750 797 2783 Ζῶντεε
822 2749 952 2791 ἔχομεν
978 2749 1064 2782 οὐδὲ
1091 2749 1141 2782 ἕν.
