1688 2978
67 212 198 260 βλᾶκα
235 211 412 260 ἑραετὴν
451 215 805 263 προεεκπυρῶεαι.
871 212 980 252 Ante
1019 211 1163 252 omnia
1195 224 1295 252 vero
1328 224 1609 262 commemo--

64 279 199 320 randa
230 281 295 320 est
320 279 426 321 haec
454 284 622 323 amatae
649 282 839 324 mulieris
867 278 1098 335 descriptio
1126 295 1176 321 ex
1202 280 1339 334 capite
1363 280 1434 320 13:
1466 280 1582 329 δεινὴ

64 351 109 389 δὲ
143 350 209 390 καὶ
240 349 293 390 τὰ
324 348 434 391 ἄλλα
466 354 657 402 τεχνῖτις,
691 351 789 402 παρ’
807 353 956 403 ἥντινα
991 352 1132 403 βούλει
1164 353 1252 392 τῶν
1284 350 1463 401 ἑταιρῶν
1495 350 1583 391 ἐπι-

63 419 290 463 επάεαεθαι
322 421 512 473 ἑραετήν,
544 422 610 462 καὶ
643 420 883 474 ἀμφίβολον
909 421 969 462 ἔτι
990 420 1094 462 ὄντα
1114 420 1219 462 ὅλον
1239 420 1582 472 ὑποποιήεαεθαι,

64 491 129 532 καὶ
156 491 415 542 ἐνεχόμενον
440 493 519 543 ἤδη
546 493 751 533 ἐπιτεῖναι
781 493 847 533 καὶ
867 495 1169 543 προεεκκαῦςαι
1196 491 1304 542 ἄρτι
1330 492 1418 542 μὲν
1444 489 1585 545 ὀργῇ,

62 560 174 611 ἄρτι
208 563 259 602 δὲ
287 563 525 616 κολακείᾳ
551 564 629 604 καὶ
657 563 779 614 μετὰ
812 564 986 614 μικρὸν
1019 562 1275 616 ὑπεροψίᾳ
1300 562 1367 603 καὶ
1392 565 1452 616 τῷ
1478 562 1584 612 πρὸ(
1631 605 1634 608 ,

64 631 212 680 ἕτερον
238 629 483 672 ἀποκλίνειν
510 635 652 673 δοκεῖν
684 633 750 673 καὶ
776 632 855 683 ὅλη
883 633 1206 683 (υνεκεκρότητο
1239 631 1537 681 ἁπανταχόθεν
1559 632 1583 682 ἡ

64 702 169 751 γυνὴ
212 701 291 741 καὶ
332 702 497 742 πολλὰ
537 704 867 754 μηχανήματα
907 703 1283 754 παρεεκεύαετο
1325 702 1447 743 κατὰ
1484 703 1583 742 τῶν

61 771 298 820 ε’ραετῶν.
362 771 479 819 Quae
519 786 615 812 cum
655 773 763 813 alias
801 787 851 813 ex
889 773 1039 826 primis
1078 771 1299 813 Diniarchi
1344 772 1584 813 meditatio-

61 841 186 882 nibus
220 840 527 896 redintegrant,
558 845 651 884 tum
683 842 811 885 hanc:

86 933 116 985 Ι,
143 934 177 987 1,
198 934 242 974 5:
277 933 391 982 Quot
423 936 571 976 amans
605 937 813 991 exemplis
845 936 1097 986 ludificetur,
1132 937 1236 990 quot
1269 935 1405 977 modis

276 1004 430 1045 Pereat
462 1009 649 1060 quotque
683 1008 882 1047 exoretur
914 1006 1169 1048 exorabulis.

277 1073 391 1123 Quot
422 1073 512 1115 illic
545 1075 790 1130 blanditiae,
822 1077 925 1131 quot
956 1076 1043 1117 illic
1075 1075 1331 1128 iracundiae,

227 1185 232 1189 .
273 1144 381 1187 Sunt
413 1147 518 1200 quot
550 1147 886 1201 superbimenta:
919 1146 961 1188 di
994 1147 1185 1194 vostrani
1216 1145 1354 1200 fidem,
1386 1145 1479 1187 hui!

274 1215 384 1264 Quid
416 1217 643 1273 perierant,
676 1217 776 1258 dum
809 1216 984 1259 eliciant
1015 1217 1166 1271 pretia,
1198 1215 1460 1272 mdneralw)

60 1307 259 1349 Ceterum
292 1310 337 1350 in
369 1310 444 1351 illa
477 1310 753 1365 Alciphronis
786 1312 971 1365 epistula
1002 1311 1077 1364 HI,
1097 1312 1154 1352 50
1185 1325 1280 1352 cum
1313 1324 1445 1364 sagax
1478 1310 1578 1351 Mei-

59 1379 174 1420 nekii
213 1380 434 1434 ingenium
471 1381 689 1436 indagarit
721 1382 869 1423 verba:
913 1382 948 1423 εἰ
988 1382 1068 1433 γὰρ
1109 1381 1167 1422 εἰς
1208 1381 1365 1432 ταύτην
1405 1380 1574 1422 ἅπαντα

58 1449 196 1500 τεθείη
229 1450 281 1491 τὰ
313 1451 528 1502 προεόντα
560 1452 699 1506 τούτῳ
731 1455 791 1506 τῷ
826 1452 1039 1506 βελτίετῳ,
1081 1454 1250 1502 καλῆς,
1289 1450 1323 1491 ὦ
1356 1452 1463 1502 Θεοί,
1495 1465 1577 1492 κα-

57 1635 136 1659 esse
162 1637 271 1661 nemo
296 1625 432 1661 infitias
463 1626 543 1661 ibit.
595 1626 761 1662 Breviter
798 1626 999 1673 adiungam
1038 1638 1082 1661 ex
1120 1626 1248 1661 eadem
1282 1626 1431 1661 fabulae
1468 1626 1574 1671 parte

57 1695 90 1716 v.
121 1684 170 1727 ll,
197 1689 229 1728 6,
257 1689 317 1719 45:

625 1745 677 1788 (a,
703 1755 844 1788 nequeo
871 1745 995 1789 caput)

104 1801 251 1835 Tollere
278 1802 332 1835 ita
357 1802 447 1836 dout
472 1802 599 1846 itaque
626 1814 695 1848 ego
721 1804 869 1838 medulo
896 1806 967 1847 (me
994 1803 1078 1837 dolo
1105 1802 1178 1847 CD)
1205 1813 1322 1846 neque
1348 1802 1458 1837 eliam
1485 1802 1573 1846 (iani

874 1888 884 1895 .
911 1860 986 1906 CD)
1012 1871 1105 1905 queo

105 1917 279 1961 (Pedibus
305 1930 388 1953 mea
414 1898 543 1964 sponte
570 1921 773 1964 ambulare)

54 1989 155 2023 recte
192 1989 285 2022 dolet
324 1988 621 2025 Studemundum
661 1991 971 2036 Spengelinmque
1009 1989 1233 2033 restituisse,
1270 1989 1331 2024 vix
1369 1992 1469 2025 recte
1507 2002 1573 2025 nec

58 2046 299 2091 Spengelium
324 2053 455 2093 eyomet
480 2050 582 2084 dolui
607 2051 666 2085 vel
692 2062 752 2095 eyo
777 2062 830 2085 me
855 2051 976 2085 crucio
1001 2061 1068 2098 nec
1093 2048 1371 2083 Fleckeisenum
1397 2049 1420 2084 l.
1449 2061 1474 2084 s.
1496 2061 1521 2085 s.
1548 2052 1574 2084 t.

56 2107 135 2140 (3111
166 2119 201 2151 p.
229 2111 295 2141 811
329 2117 391 2151 eqo
421 2109 500 2142 med
531 2119 607 2144 uro.
658 2108 754 2143 Nam
785 2108 882 2144 inter
913 2109 1026 2153 caput
1057 2108 1095 2142 et
1124 2106 1236 2151 pedes
1267 2118 1350 2142 cum
1382 2107 1573 2152 aptissime
1633 2121 1637 2125 ·

58 2164 252 2199 ‘medulla’
293 2168 617 2211 commemoretur,
655 2168 750 2202 hanc
788 2179 916 2202 vocem
953 2167 991 2201 in
1027 2167 1167 2201 medulo
1204 2166 1321 2201 latere
1358 2164 1572 2211 persuasum

54 2223 185 2266 habeo,
213 2224 283 2258 etsi
308 2225 387 2269 ipse
414 2236 540 2259 versus
561 2226 623 2270 qui
642 2226 886 2270 probabiliter
905 2226 1034 2270 refingi
1054 2225 1170 2270 possit
1188 2225 1350 2259 nondum
1371 2225 1571 2260 enucleavi.

151 2295 208 2337 70)
236 2294 288 2328 De
314 2294 445 2329 horum
464 2306 634 2330 versuum
661 2295 846 2340 scriptura
871 2294 1059 2340 disputavi
1079 2295 1158 2329 Act.
1181 2305 1252 2329 soc.
1273 2294 1362 2338 phil.
1385 2294 1484 2339 Lips.
1505 2295 1574 2330 t.1[

54 2365 88 2396 p.
129 2356 195 2387 458
221 2365 317 2397 sqq.,
355 2353 419 2388 ubi
457 2366 540 2389 eum
577 2353 830 2398 proposuerim
867 2357 951 2398 quot
988 2354 1137 2397 insuper
1175 2353 1350 2387 lamentae
1386 2363 1452 2396 pro
1489 2356 1574 2387 sunt

53 2415 138 2455 quot
173 2413 232 2446 sui
259 2424 328 2456 per
366 2413 577 2456 clamanda,
614 2413 689 2447 iani
725 2423 767 2447 ex
801 2412 980 2447 librorum
1012 2410 1177 2456 vestigiis
1202 2410 1422 2445 vocabulum
1448 2422 1574 2446 eruere

53 2481 164 2504 ausus
191 2482 281 2514 sum,
309 2471 408 2514 quod
426 2471 610 2515 ὑπεροψίᾳ
630 2472 886 2516 responderet;
914 2472 1088 2515 (eliciant)
1102 2471 1226 2514 pretia
1245 2472 1369 2505 autem
1389 2471 1486 2514 quod
1507 2482 1572 2515 pro

53 2529 187 2573 (etiam)
208 2532 330 2572 preter
357 2529 529 2563 substitui
556 2540 598 2563 eo
631 2530 883 2573 confirmatur,
910 2529 1008 2572 quod
1033 2540 1067 2563 v.
1095 2532 1113 2562 7
1141 2528 1284 2562 codices
1310 2529 1489 2563 blanditer
1514 2540 1572 2562 ex-

52 2587 183 2622 hibent
202 2598 269 2632 pro
289 2587 499 2622 blanditiae.
538 2587 709 2622 Ceterum
728 2587 942 2632 Machlyum
967 2585 1115 2621 interim
1129 2586 1271 2630 pericla
1290 2587 1451 2622 amanda
1475 2597 1571 2621 com-

52 2644 243 2679 mendasse
270 2655 342 2678 non
369 2643 536 2679 afferrem
562 2645 633 2679 nisi
658 2645 836 2680 insulsam
857 2645 1076 2689 scripturam
1097 2645 1235 2679 dudum
1255 2646 1293 2680 in
1314 2645 1474 2680 editione
1494 2645 1571 2679 vul-

53 2703 247 2749 gatissima
267 2704 748 2740 Taubmanno-Gruteriana
769 2706 912 2739 exstare
938 2715 983 2738 ne
1004 2703 1199 2738 Lorenzius
1225 2703 1372 2748 quidem
1393 2702 1571 2747 (Bursian.

54 2757 291 2798 ‘Jahresberf
326 2774 358 2797 a.
394 2767 482 2798 1873
521 2776 554 2808 p.
583 2766 671 2808 386)
709 2763 911 2798 monuisset
947 2763 985 2797 in
1023 2762 1153 2797 ceteris
1190 2764 1277 2808 apte
1315 2763 1571 2797 demonstrans

53 2820 266 2865 Maehlyum
292 2832 422 2865 parum
449 2821 595 2856 novisse
622 2821 811 2856 hominum
839 2821 1031 2855 doctorum
1057 2821 1275 2855 commenta.
