1688 2978
703 68 987 109 —32.-

146 173 234 213 Aut
264 172 496 213 armariola
528 173 698 227 graeca,
731 175 805 213 aut
836 171 998 225 aliquid
1030 173 1198 225 se'mper
1230 175 1305 225 est,

146 242 269 291 Quod
301 242 466 283 deferat
497 243 707 297 dedatque
722 241 772 297 ὓ3)
805 257 953 282 amans
987 244 1130 283 scorto
1163 257 1239 284 suo

84 338 184 390 apte
216 336 481 378 conveniunt
512 336 688 379 Petalae
721 336 867 378 verba:
899 338 977 377 νῦν
1004 338 1049 377 δὲ
1077 339 1142 378 δεῖ
1168 337 1347 388 χρυείων
1372 337 1480 389 ἡμῖν,
1512 336 1603 389 ἱμα-

82 407 202 457 τίων,
240 407 413 459 κόεμου,
455 407 798 459 θεραπαινιδίων,
836 408 860 458 ἡ
900 410 976 447 τοῦ
1018 407 1108 458 βίου
1141 407 1334 458 διοίκηει(
1367 407 1505 448 ἅπαεα
1536 409 1602 448 ε’ν-

82 479 242 518 τεῡθεν.
306 477 417 519 Τ11111
456 478 578 519 11111111
616 478 701 518 iam
740 491 869 530 supra
906 476 1033 517 attuli
1067 491 1317 517 consensum
1352 488 1446 518 cum
1480 492 1602 519 versu

83 547 115 600 I,
147 549 186 600 2,
221 549 288 601 79,
321 549 393 589 ubi
428 563 523 589 cum
557 549 712 589 dudum
745 547 1020 588 coniecissem
1077 564 1081 576 =

143 640 344 683 Amantis
383 641 419 683 si
458 642 530 697 qui
568 642 653 682 11611
692 640 871 695 danunt,
911 655 999 682 non
1030 639 1157 682 didici
1196 639 1427 683 baiolare
1459 641 1530 697 (cf.
1562 657 1600 697 p.

936 713 989 753 10
1009 711 1090 767 sq.)

83 794 328 836 confirmari
369 794 475 836 haec
516 794 622 835 mihi
664 794 847 848 quodam
889 794 1015 835 modo
1057 794 1149 835 visa
1189 796 1288 835 sunt
1329 795 1600 848 Alciphronis

84 865 198 906 loco:
243 866 329 914 ἐγὼ
363 866 409 905 δὲ
444 865 496 906 ἂν
528 866 580 916 μή
613 878 672 905 τι(
705 864 729 905 ὁ
762 866 902 906 διδοὺς
935 865 976 918 ᾗ,
1009 865 1191 915 πεινή(ω
1224 865 1273 905 τὸ
1303 865 1446 906 καλόν.
1508 864 1599 906 Iam

84 950 185 976 vero
220 936 354 976 audeo
387 935 661 989 velipropius
695 935 745 976 ad
778 935 882 976 haec
915 935 1045 976 verba
1077 934 1279 976 accedens
1310 950 1388 989 pro
1417 936 1603 988 fabulari

83 1018 291 1046 conicere:

141 1099 343 1141 Amantis
375 1100 411 1140 si
443 1100 515 1154 qui
546 1102 631 1141 11611
663 1100 837 1150 danunt,
867 1124 914 1129 —
945 1114 1032 1141 non
1064 1099 1189 1140 didici
1222 1099 1352 1141 fame
1383 1100 1582 1142 farciri!

83 1191 146 1236 Cf.
180 1193 366 1236 similem
398 1193 692 1236 traiectionem
723 1192 846 1248 Capt.
873 1210 909 1235 v.
929 1194 1015 1236 466
1047 1208 1171 1246 neque
1201 1194 1500 1236 ieiuniosiorem
1530 1209 1601 1237 nee

81 1265 213 1317 mayzs
243 1265 477 1316 ecfertum
505 1265 634 1316 fame
673 1265 768 1305 Vidi
798 1265 982 1318 itemque
1016 1263 1158 1304 Aulul.
1190 1264 1245 1318 ΙΙ,
1275 1265 1315 1318 4,
1341 1265 1415 1305 32:
1444 1265 1598 1317 famem

84 1333 212 1375 hercle
241 1336 434 1376 utendam
465 1337 503 1377 si
532 1350 655 1389 royes,
686 1349 898 1388 uunquam
929 1335 1041 1376 dabit
1053 1332 1117 1390 ⁰4).

81 1448 169 1483 deas
207 1449 320 1484 etiam
359 1450 469 1485 Poen.
503 1450 565 1495 IV,
591 1454 631 1494 2,
658 1454 702 1484 40
723 1462 776 1494 sq.
814 1449 851 1484 in
890 1449 1064 1494 ambiguo
1102 1449 1355 1495 obscaenoque
1392 1450 1598 1486 ludentem:

81 1507 199 1542 Facio
224 1510 320 1552 quod
344 1511 542 1552 manufesti
566 1510 699 1543 moechi
722 1510 780 1543 hie
804 1510 878 1542 hau
903 1510 1012 1551 ferme
1030 1509 1186 1543 solent..
1203 1535 1210 1542 .
1224 1509 1340 1551 refero
1364 1521 1453 1544 vasa
1471 1511 1597 1553 salva).

82 1566 159 1600 Iam
187 1578 293 1601 versu
321 1568 476 1602 exeunte
504 1579 584 1602 011111
607 1568 722 1603 Italos
742 1568 857 1603 secuti
877 1567 1102 1603 correxerint
1121 1569 1229 1603 lectus
1248 1569 1412 1613 dapsilis,
1438 1579 1501 1603 suo
1520 1568 1598 1603 iure

82 1625 328 1669 Kiesslingius
355 1627 378 1659 1.
406 1638 432 1660 s.
461 1638 486 1661 s,
514 1639 548 1670 p.
576 1631 643 1661 620
681 1627 834 1670 negavit
871 1628 939 1660 1100
977 1628 1106 1670 aptum
1145 1639 1222 1661 esse
1262 1628 1357 1661 lecto
1396 1628 1596 1671 epitheton.

82 1682 203 1724 Quare
242 1695 264 1717 a
296 1684 375 1720 cod.
402 1684 431 1718 B
466 1684 649 1730 scriptura
682 1684 869 1729 profectus
902 1684 1035 1719 iterum
1071 1684 1224 1719 verbum
1259 1684 1454 1719 restituere
1488 1696 1598 1719 ausus

82 1754 173 1785 sum,
201 1742 360 1786 primum
387 1743 489 1777 facili
515 1744 778 1788 pronuntiandi
803 1743 1058 1787 scribendique
1088 1755 1208 1778 errore
1237 1755 1304 1788 pro
1333 1745 1467 1787 cleptus
1492 1745 1597 1778 lectu-

80 1800 136 1833 lus
176 1800 357 1844 prodiisse
393 1802 521 1836 clectus
552 1802 728 1846 leptulus,
766 1801 850 1836 dein
883 1803 1039 1845 (eflectus
1073 1803 1215 1846 laptiles
1245 1801 1488 1845 depravatum
1520 1813 1597 1836 esse

79 1861 190 1894 ratus.
249 1860 401 1904 Clepere
435 1862 472 1894 et
503 1872 632 1905 rapere
663 1862 786 1895 autem
820 1872 902 1894 011111
934 1860 1045 1894 etiam
1079 1860 1208 1894 Pseud.
1242 1872 1274 1894 v.
1303 1864 1370 1894 138
1402 1861 1598 1895 coniuncta

81 1918 336 1960 exhibeantur,
368 1930 441 1953 11011
467 1920 509 1953 te‘
530 1918 652 1963 fugiet
676 1919 842 1963 profecto
868 1930 978 1962 quam
1004 1918 1126 1962 lepide
1152 1918 1245 1952 talia
1269 1918 1498 1962 potissimum
1525 1931 1597 1953 me-

79 1976 254 2011 retricum
287 1977 423 2012 damna
455 1980 798 2022 commemorentur,
837 1978 868 2012 si
893 1977 1064 2022 Astaphii
1096 1977 1142 2011 de
1173 1977 1464 2012 adulescentium
1490 1977 1597 2013 furtis

83 2035 296 2078 rapinisque
322 2037 604 2080 conquestiones
631 2037 671 2080 (I,
699 2042 731 2081 2,
758 2039 887 2080 1—19)
912 2037 950 2070 in
976 2036 1190 2070 memoriam
1218 2037 1454 2072 revocaveris.

174 2096 232 2138 63)
258 2094 436 2129 Italorum
463 2095 726 2130 correctionem
746 2096 841 2140 quod
854 2098 981 2139 pereat
999 2095 1189 2138 debeatque
1209 2095 1317 2138 (quod
1333 2098 1438 2138 petra
1457 2095 1596 2130 debeat-

77 2163 144 2195 que
177 2152 276 2194 libri)
308 2153 448 2198 optime
474 2153 718 2197 Kiesslingius
743 2153 937 2195 refutavit3
977 2153 1036 2187 sed
1067 2154 1105 2186 et
1129 2152 1227 2196 quod
1253 2152 1333 2196 ipse
1359 2153 1478 2187 voluit
1502 2154 1598 2198 quod

79 2214 222 2254 eoepetat
254 2216 413 2256 ematque
451 2214 488 2246 et
525 2213 622 2256 quod
661 2211 823 2256 Buggius
854 2211 1047 2256 proposuit
1072 2212 1094 2245 1.
1122 2225 1148 2248 s,
1176 2223 1202 2245 s.
1229 2223 1263 2255 p.
1290 2215 1358 2247 462
1390 2213 1485 2257 quod
1509 2213 1597 2246 clare

77 2269 240 2302 dehibeat
270 2280 382 2313 usque
402 2290 444 2294 —
465 2269 528 2303 ubi
553 2281 706 2313 semper.
724 2297 730 2303 .
748 2297 754 2303 .
769 2280 880 2313 usque
904 2280 1014 2313 quam
1040 2270 1186 2304 induxit
1211 2270 1435 2304 locutionem
1460 2281 1594 2313 nequa-

78 2338 188 2370 quam
221 2327 432 2363 defenditur
459 2327 602 2362 Cui-cul.
630 2329 655 2371 Ι,
676 2331 708 2369 3,
730 2331 772 2361 49
788 2339 840 2371 sq.
867 2338 949 2371 quo
974 2338 1085 2372 usque
1099 2355 1106 2362 .
1124 2356 1153 2362 ..
1174 2339 1309 2374 semper
1328 2349 1371 2353 —
1393 2330 1494 2363 caret
1512 2339 1594 2372 pro-

80 2385 286 2420 babilitate.
338 2386 394 2420 Ad
421 2398 465 2420 ea
490 2397 583 2430 quae
609 2385 754 2420 restitui
780 2385 824 2420 cf.
852 2385 981 2420 Pseud.
1008 2398 1040 2421 v.
1069 2390 1152 2420 259:
1185 2387 1269 2420 Heu
1293 2387 1377 2428 heu,
1402 2398 1510 2431 quam
1534 2398 1595 2431 eye

77 2444 182 2478 malis
211 2445 362 2488 perdidi
394 2445 526 2486 modis,
567 2445 670 2489 Quod
701 2445 769 2478 tibi
798 2445 942 2478 detuli
972 2448 1010 2479 et
1035 2445 1146 2489 quod
1171 2446 1281 2480 decli.
1338 2445 1389 2480 Ut
1412 2449 1521 2489 petra
1552 2457 1594 2481 ex

79 2503 230 2545 deferat,
255 2502 310 2536 ita
335 2503 379 2546 ΙΙ,
406 2508 438 2547 2,
465 2508 509 2537 24
536 2515 580 2547 eg
605 2504 691 2537 dari
717 2504 775 2546 (A)
801 2501 939 2536 factum
967 2504 1023 2536 est
1045 2504 1149 2545 patri
1172 2503 1210 2536 in
1235 2503 1424 2546 Palatinis,
1452 2503 1529 2538 sim.

174 2562 232 2604 64)
260 2559 311 2595 Cf.
340 2560 454 2596 Stich.
481 2573 514 2595 v.
544 2565 609 2596 163
631 2572 682 2604 sq.
728 2560 897 2595 Ceterum
923 2564 965 2595 ut
989 2559 1046 2595 his
1071 2560 1191 2595 verbis
1218 2560 1453 2606 Astaphium,
1478 2561 1532 2596 ita
1556 2561 1594 2596 in

78 2619 250 2654 Asinaria
283 2619 476 2655 Cleaereta
509 2620 739 2654 meretricem
779 2619 855 2653 sine
893 2619 998 2653 donis
1037 2618 1204 2663 datisque
1236 2620 1440 2654 amantium
1471 2620 1594 2656 vivere

79 2690 152 2713 non
179 2689 285 2723 posse
311 2677 489 2722 inculcat,
522 2678 626 2713 velut
649 2690 681 2712 v.
709 2682 775 2712 521
799 2689 894 2722 sqq.,
928 2677 991 2712 ubi
1022 2677 1084 2722 qui
1117 2678 1320 2713 orationem
1353 2678 1429 2713 eius
1455 2679 1595 2715 claudit

77 2749 220 2774 versus:

290 2785 358 2819 Hic
385 2785 462 2819 dies
487 2786 670 2820 summust
695 2785 791 2828 apud
818 2796 877 2819 me
902 2784 1050 2828 inopiae
1076 2784 1325 2829 excusatio,
