1688 2978
700 119 988 167 -45—
1117 159 1141 167 s

145 223 340 265 Athenas
372 224 546 265 trastuli
578 223 659 265 h6c
691 224 807 265 ubist
838 221 1207 278 proscaeniumffl).

90 294 316 335 Postremo
349 294 579 348 adiungam
612 309 661 335 ex
693 294 835 336 verbis
867 309 961 335 curn
993 293 1142 348 Lipsio
1175 293 1374 334 correctis

297 375 556 430 Perpzirvam
588 375 976 430 partem‘postulat
1007 375 1186 416 Plautus
1218 374 1301 415 loci

296 444 360 485 De
393 446 549 487 moeris
581 447 750 500 maguis
784 447 912 500 {itque
945 446 1132 486 amoenis
1166 445 1388 485 moenibus

85 529 280 567 accurate
313 526 450 568 evinci
482 527 594 568 intra
625 542 769 569 muros
802 527 1052 582 moeniaque
1079 526 1238 567 Romae
1264 529 1354 567 tum
1382 525 1597 566 theatrum

88 598 349 637 exstructum
381 611 484 638 esse.

205 699 285 742 Sed
318 701 398 743 hoc
431 702 525 743 loco
551 703 750 756 quoniam
778 703 991 757 insignem
1024 703 1260 744 litterarum
1291 702 1431 743 lusum
1458 701 1599 742 alieno

86 772 259 813 invento
292 786 391 813 usus
424 772 609 826 restitui,
650 773 854 813 nonnulla
891 787 940 813 ex
980 773 1145 814 schedis
1185 773 1290 814 meis
1328 773 1598 826 interponere

83 842 213 884 liceat
244 841 297 883 ad
328 841 438 883 idem
470 855 603 897 genus
636 842 905 896 pertinentia.

203 912 344 966 Atque
375 912 498 953 unius
538 912 705 966 quidem
738 913 1056 954 allitteratiouis
1099 912 1410 965 recuperandae
1449 925 1597 951 ansam

83 981 177 1035 ipsa
196 980 441 1023 Truculenti
468 982 674 1023 memoria
698 982 886 1035 praebet.
928 982 1099 1023 Etenim
1126 996 1220 1022 cum
1242 981 1477 1022 rectissime
1498 984 1598 1034 post

86 1051 406 1093 Doederlinium
433 1051 718 1106 Kiesslingius
744 1052 769 1092 l.
797 1067 827 1092 s.
855 1067 884 1094 s.
917 1067 955 1105 p.
976 1053 1078 1119 620,
1093 1051 1328 1092 defenderit
1350 1065 1514 1104 pessmn
1547 1066 1596 1091 ex

74 1135 314 1174 pervorsum
346 1120 619 1163 derivandum
652 1136 761 1175 esse,
799 1124 847 1163 ut
876 1135 1086 1175 prossum,
1117 1136 1309 1174 prorsum
1347 1136 1397 1162 ex
1427 1134 1595 1173 provor-

79 1189 250 1245 sumssf'),
281 1205 367 1232 non
393 1191 660 1251 neglegenda
686 1194 750 1231 est
775 1191 931 1232 codicis
958 1190 990 1232 G
1012 1191 1222 1245 scriptura
1240 1190 1272 1244 Ι,
1297 1191 1331 1240 1,
1350 1191 1402 1231 15
1432 1191 1595 1242 quando

80 1262 183 1303 abiit
211 1265 291 1303 rete
314 1276 513 1316 persum,
545 1277 650 1316 quae
683 1262 876 1316 quamvis
908 1262 1032 1303 facile
1053 1277 1147 1303 cum
1169 1261 1340 1316 Hoppio
1362 1261 1472 1302 Anu.
1492 1260 1594 1314 phil.

81 1335 110 1373 t.
137 1330 256 1373 CVII
287 1347 325 1387 p.
353 1333 438 1373 244
471 1346 586 1374 mero
619 1332 753 1373 errori
784 1332 913 1374 tribui
945 1332 1101 1386 possit,
1134 1346 1182 1373 eo
1214 1332 1418 1373 libentius
1449 1333 1593 1371 tamen

80 1403 352 1456 retinebitur,
397 1403 496 1457 quia
531 1417 617 1444 non
657 1403 780 1444 modo
822 1403 980 1456 optime
1018 1417 1112 1444 cum
1150 1402 1383 1457 veriloquio
1423 1402 1591 1443 aliunde

80 1473 165 1514 iam
198 1473 372 1515 invento
405 1472 590 1514 concinit
620 1472 746 1527 idque
779 1473 917 1527 ipsum
950 1471 1251 1528 confirmatssss),
1285 1487 1430 1513 verum
1462 1472 1593 1513 etiam

81 1543 187 1584 alias
219 1558 305 1585 non
338 1543 429 1584 sine
460 1543 601 1584 fructu
636 1543 829 1584 adhiberi
860 1545 1015 1597 potest.
1075 1543 1188 1584 Nam
1219 1543 1335 1584 Pers.
1366 1558 1403 1583 v.
1432 1543 1533 1584 740:

176 1661 235 1702 84)
263 1658 439 1693 Similiter
465 1660 654 1702 corruptus
681 1658 894 1703 perhibetur
919 1658 1029 1693 Poen.
1056 1659 1147 1703 prol.
1174 1672 1206 1693 v.
1230 1663 1292 1694 57:

325 1716 442 1751 Locus
467 1719 683 1761 argumento
710 1718 766 1750 est
792 1728 897 1750 suum
924 1715 1061 1760 s(c)ibis
1087 1716 1332 1760 proscenium,

78 1786 187 1819 quem
214 1774 368 1819 pessime
389 1774 594 1819 Geppertus
619 1775 672 1809 nil
697 1775 768 1809 nisi
791 1776 863 1810 sibi
887 1776 1034 1810 mutans
1059 1775 1267 1820 postposuit
1285 1775 1449 1810 versibus
1470 1780 1524 1810 56.
1547 1780 1590 1811 58

79 1835 192 1878 (nunc
221 1834 379 1868 rationes
411 1835 556 1878 ceteras)
588 1834 768 1878 Accipite,
803 1845 888 1868 ‘nam
904 1821 1168 1878 'argumentum
1198 1834 1262 1868 hoe
1293 1834 1351 1867 hic
1382 1834 1589 1868 censebitur.

46 1938 50 1942 ῃ
85 1892 155 1926 Vos
179 1893 357 1927 iuratores
382 1893 484 1927 estis:
509 1903 655 1936 quaeso,
682 1903 824 1936 operam
850 1893 939 1926 date.
979 1892 1101 1927 Verba
1127 1893 1325 1927 censebitur
1349 1894 1387 1927 et
1412 1893 1591 1927 iuratores

78 1952 203 1985 notam
238 1950 399 1985 inferunt
433 1950 477 1985 de
508 1951 756 1994 spectatorum
791 1949 925 1984 iudicio
962 1949 1037 1984 fere
1076 1949 1265 1984 iudiciario
1297 1950 1589 2001 transietionem,

77 2010 173 2044 unde
198 2010 355 2054 apparet
380 2021 412 2044 v.
434 2012 477 2043 57
504 2011 712 2053 argumento
737 2019 781 2042 ex
806 2020 840 2042 V.
861 2011 905 2042 56
931 2007 1027 2041 male
1053 2007 1251 2052 repetitum
1277 2019 1496 2052 versumque
1522 2008 1590 2042 tali

78 2067 220 2102 ratione
247 2067 501 2112 corrigendum
527 2078 605 2101 esse
631 2066 689 2111 (ef.
716 2066 892 2101 Ritschel.
917 2067 1063 2111 Parerg.
1090 2078 1123 2110 p.
1147 2069 1246 2110 210):

124 2127 241 2161 Locus
268 2125 490 2161 arbiter-io
517 2126 599 2160 suos
625 2124 731 2160 sibiet
756 2125 1022 2170 proscaenium.
1057 2125 1132 2159 Vos
1151 2124 1329 2160 iuratores
1349 2125 1446 2160 estis.

171 2187 231 2228 85)
258 2184 441 2229 Imprimis
472 2185 573 2219 valet
603 2185 699 2229 quod
728 2184 889 2228 ‘pessum
914 2183 982 2218 ire’
1018 2184 1076 2227 (cf.
1106 2184 1367 2219 ‘transversum
1394 2184 1470 2229 agi'
1511 2185 1589 2219 ‘ad·

79 2255 222 2279 versum
242 2243 324 2287 ire’)
350 2244 519 2288 primitus
540 2243 723 2288 significat
744 2242 1006 2286 ‘descendere',
1035 2242 1287 2276 ‘dwrchwiirts'
1319 2243 1374 2277 ‘in
1393 2243 1450 2277 die
1474 2243 1586 2286 Tiefe'

78 2302 137 2345 (cf.
163 2302 256 2336 Rud.
283 2314 317 2336 v.
337 2306 422 2343 3953
459 2302 564 2338 Truc.
591 2303 623 2345 Ι,
652 2306 688 2345 1,
711 2304 783 2346 15),
820 2304 862 2336 ut
891 2313 963 2336 non
988 2301 1240 2335 confundenda
1271 2301 1319 2335 sit
1350 2301 1457 2335 huius
1490 2302 1590 2336 vocis

77 2360 182 2396 radix
208 2371 290 2395 cum
312 2360 422 2405 pestis
446 2360 675 2406 aliorumque
701 2360 963 2396 vocabulorum
988 2359 1179 2405 principio.
1216 2359 1316 2394 Alias
1342 2359 1589 2395 derivationes

75 2419 159 2454 vide
197 2419 244 2453 sis
282 2419 380 2463 apud
410 2419 578 2453 Fickium
613 2420 751 2464 ‘VeryL
786 2419 881 2453 Wb.’
910 2431 944 2463 p.
974 2422 1056 2461 1163
1101 2418 1261 2452 Corssen.
1292 2418 1421 2453 ‘Beitr.
1455 2430 1484 2454 e.
1511 2420 1589 2454 ital.

77 2477 266 2522 Sprachk.’
296 2489 329 2522 p.
352 2481 430 2514 333.

174 2538 232 2580 86)
258 2536 350 2570 Item
372 2536 471 2570 aliud
491 2536 735 2580 veriloquium
749 2536 1001 2571 Plautinoruin
1027 2536 1201 2570 librorum
1223 2535 1413 2579 scripturis
1433 2537 1591 2572 stabiliri

75 2595 212 2639 potest3
239 2595 347 2637 ferme
372 2594 470 2629 enim
496 2594 591 2629 unde
617 2594 854 2629 derivandum
875 2593 922 2628 sit
947 2604 1026 2627 cum
1048 2592 1235 2626 dubitetur
1261 2593 1320 2639 [cf.
1342 2594 1389 2630 M.
1409 2595 1589 2640 HertziuS,

75 2652 182 2688 Vind.
211 2653 302 2687 Gell.
330 2653 393 2688 alt.
419 2665 453 2697 p.
469 2656 530 2687 83:
560 2653 582 2687 ‘.
600 2682 606 2687 .
623 2681 630 2689 .
646 2654 701 2687 als
725 2654 793 2687 wir
817 2653 904 2687 iiber
929 2653 1120 2696 Ursprimy
1140 2653 1217 2686 und
1244 2652 1496 2699 Urbedeutuny
1521 2665 1590 2689 von

74 2711 209 2753 ferme
232 2722 270 2745 so
290 2711 574 2746 ununterriehtet
592 2712 687 2754 siml,
713 2712 797 2745 dass
816 2712 874 2745 ein
895 2711 1150 2755 Widerspruch
1175 2712 1274 2745 nieht
1300 2713 1432 2746 einmal
1451 2714 1587 2746 ausi-ei-

80 2769 192 2803 cleeml
216 2770 385 2804 rationell
409 2780 453 2803 eu
480 2770 682 2814 bey-minden
709 2771 785 2804 sein
809 2770 931 2804 warde
955 2770 1047 2813 (sehr
1067 2771 1311 2813 ansprecleend
1330 2771 1501 2804 erscheiizt
1519 2772 1589 2804 mir

79 2847 119 2851 —
147 2838 250 2861 wemi
275 2840 358 2862 maii
386 2829 475 2863 auch
503 2829 577 2862 clem
608 2829 758 2863 Meister
787 2829 877 2872 [οἶφε
907 2828 985 2862 mid
1015 2828 1167 2871 ferime
1196 2829 1250 2863 bei
1277 2829 1339 2863 Pl.
1371 2829 1490 2863 Trin.
1517 2832 1586 2863 319
