<?xml version="1.0" encoding="UTF-8"?>
<!DOCTYPE html PUBLIC "-//W3C//DTD XHTML 1.0 Transitional//EN"
    "http://www.w3.org/TR/xhtml1/DTD/xhtml1-transitional.dtd">
<html xmlns="http://www.w3.org/1999/xhtml" xml:lang="en" lang="en">
 <head>
  <title>
</title>
<meta http-equiv="Content-Type" content="text/html;charset=utf-8" />
  <meta name='ocr-system' content='tesseract 3.04.00' />
  <meta name='ocr-capabilities' content='ocr_page ocr_carea ocr_par ocr_line ocrx_word'/>
</head>
<body>
  <div class='ocr_page' id='page_1' title='image "4737841_0073.png"; bbox 0 0 1688 2978; ppageno 0'>
   <div class='ocr_carea' id='block_1_1' title="bbox 154 305 197 335">
    <p class='ocr_par' dir='ltr' id='par_1_1' title="bbox 154 305 197 335">
     <span class='ocr_line' id='line_1_1' title="bbox 154 305 197 335; baseline 0 0"><span class='ocrx_word' id='word_1_1' title='bbox 154 305 197 335; x_wconf 89' lang='grc'><strong>10</strong></span> 
     </span>
    </p>
   </div>
   <div class='ocr_carea' id='block_1_2' title="bbox 152 653 194 683">
    <p class='ocr_par' dir='ltr' id='par_1_2' title="bbox 152 653 194 683">
     <span class='ocr_line' id='line_1_2' title="bbox 152 653 194 683; baseline 0 0"><span class='ocrx_word' id='word_1_2' title='bbox 152 653 194 683; x_wconf 86' lang='grc'><strong>15</strong></span> 
     </span>
    </p>
   </div>
   <div class='ocr_carea' id='block_1_3' title="bbox 153 1121 198 1152">
    <p class='ocr_par' dir='ltr' id='par_1_3' title="bbox 153 1121 198 1152">
     <span class='ocr_line' id='line_1_3' title="bbox 153 1121 198 1152; baseline -0.022 0"><span class='ocrx_word' id='word_1_3' title='bbox 153 1121 198 1152; x_wconf 82' lang='lat'><strong>20</strong></span> 
     </span>
    </p>
   </div>
   <div class='ocr_carea' id='block_1_4' title="bbox 177 1660 197 1690">
    <p class='ocr_par' dir='ltr' id='par_1_4' title="bbox 177 1660 197 1690">
     <span class='ocr_line' id='line_1_4' title="bbox 177 1660 197 1690; textangle 90"><span class='ocrx_word' id='word_1_4' title='bbox 177 1660 197 1690; x_wconf 59' lang='lat'><strong>22!</strong></span> 
     </span>
    </p>
   </div>
   <div class='ocr_carea' id='block_1_5' title="bbox 158 2011 200 2042">
    <p class='ocr_par' dir='ltr' id='par_1_5' title="bbox 158 2011 200 2042">
     <span class='ocr_line' id='line_1_5' title="bbox 158 2011 200 2042; baseline 0.024 -1"><span class='ocrx_word' id='word_1_5' title='bbox 158 2011 200 2042; x_wconf 89' lang='lat'><strong>10</strong></span> 
     </span>
    </p>
   </div>
   <div class='ocr_carea' id='block_1_6' title="bbox 159 2691 203 2722">
    <p class='ocr_par' dir='ltr' id='par_1_6' title="bbox 159 2691 203 2722">
     <span class='ocr_line' id='line_1_6' title="bbox 159 2691 203 2722; baseline 0.023 -1"><span class='ocrx_word' id='word_1_6' title='bbox 159 2691 203 2722; x_wconf 80' lang='lat'><strong>20</strong></span> 
     </span>
    </p>
   </div>
   <div class='ocr_carea' id='block_1_7' title="bbox 723 115 1011 156">
    <p class='ocr_par' dir='ltr' id='par_1_7' title="bbox 723 115 1011 156">
     <span class='ocr_line' id='line_1_7' title="bbox 723 115 1011 156; baseline -0.007 -11"><span class='ocrx_word' id='word_1_7' title='bbox 723 115 1011 156; x_wconf 71' lang='grc'><strong>...63-</strong></span> 
     </span>
    </p>
   </div>
   <div class='ocr_carea' id='block_1_8' title="bbox 228 218 1549 626">
    <p class='ocr_par' dir='ltr' id='par_1_8' title="bbox 228 218 1447 485">
     <span class='ocr_line' id='line_1_8' title="bbox 235 218 1341 275; baseline -0.005 -11"><span class='ocrx_word' id='word_1_8' title='bbox 235 222 316 264; x_wconf 85' lang='lat' dir='ltr'><strong>Sed</strong></span> <span class='ocrx_word' id='word_1_9' title='bbox 346 222 427 262; x_wconf 79' lang='lat' dir='ltr'><strong>hoc</strong></span> <span class='ocrx_word' id='word_1_10' title='bbox 459 234 636 275; x_wconf 83' lang='lat' dir='ltr'>agamus</span> <span class='ocrx_word' id='word_1_11' title='bbox 669 219 797 274; x_wconf 88' lang='lat' dir='ltr'><strong>quoia</strong></span> <span class='ocrx_word' id='word_1_12' title='bbox 827 220 909 261; x_wconf 92' lang='lat' dir='ltr'><strong>huc</strong></span> <span class='ocrx_word' id='word_1_13' title='bbox 940 222 1157 261; x_wconf 73' lang='lat' dir='ltr'><strong>ventumst</strong></span> <span class='ocrx_word' id='word_1_14' title='bbox 1188 218 1341 273; x_wconf 73' lang='lat' dir='ltr'><strong>gratia.</strong></span> 
     </span>
     <span class='ocr_line' id='line_1_9' title="bbox 235 290 1305 345; baseline -0.003 -11"><span class='ocrx_word' id='word_1_15' title='bbox 235 292 429 334; x_wconf 73' lang='lat' dir='ltr'><strong>Athenas</strong></span> <span class='ocrx_word' id='word_1_16' title='bbox 460 291 631 332; x_wconf 87' lang='lat' dir='ltr'><strong>trastuli</strong></span> <span class='ocrx_word' id='word_1_17' title='bbox 662 290 743 332; x_wconf 80' lang='lat' dir='ltr'><strong>hoc</strong></span> <span class='ocrx_word' id='word_1_18' title='bbox 774 291 894 332; x_wconf 87' lang='lat' dir='ltr'><strong>ubist</strong></span> <span class='ocrx_word' id='word_1_19' title='bbox 924 290 1220 345; x_wconf 78' lang='lat' dir='ltr'><strong>proscaenium</strong></span> <span class='ocrx_word' id='word_1_20' title='bbox 1255 313 1305 319; x_wconf 94' lang='lat'>—</span> 
     </span>
     <span class='ocr_line' id='line_1_10' title="bbox 228 358 1447 415; baseline -0.002 -13"><span class='ocrx_word' id='word_1_21' title='bbox 228 359 458 414; x_wconf 85' lang='lat' dir='ltr'><strong>Tantisper</strong></span> <span class='ocrx_word' id='word_1_22' title='bbox 489 360 587 401; x_wconf 91' lang='lat' dir='ltr'><strong>dum</strong></span> <span class='ocrx_word' id='word_1_23' title='bbox 620 358 900 415; x_wconf 72' lang='lat' dir='ltr'><strong>transigimus</strong></span> <span class='ocrx_word' id='word_1_24' title='bbox 930 359 1043 401; x_wconf 88' lang='lat' dir='ltr'><strong>hanc</strong></span> <span class='ocrx_word' id='word_1_25' title='bbox 1074 359 1337 401; x_wconf 76' lang='lat' dir='ltr'><strong>comoediam</strong></span> <span class='ocrx_word' id='word_1_26' title='bbox 1369 374 1447 399; x_wconf 91' lang='lat'><strong>—:</strong></span> 
     </span>
     <span class='ocr_line' id='line_1_11' title="bbox 229 429 1383 485; baseline -0.003 -13"><span class='ocrx_word' id='word_1_27' title='bbox 229 431 312 473; x_wconf 92' lang='lat' dir='ltr'><strong>Hic</strong></span> <span class='ocrx_word' id='word_1_28' title='bbox 343 431 513 472; x_wconf 76' lang='lat' dir='ltr'><strong>habitat</strong></span> <span class='ocrx_word' id='word_1_29' title='bbox 544 430 698 472; x_wconf 89' lang='lat' dir='ltr'><strong>mulier</strong></span> <span class='ocrx_word' id='word_1_30' title='bbox 728 431 884 472; x_wconf 77' lang='lat' dir='ltr'><strong>nomen</strong></span> <span class='ocrx_word' id='word_1_31' title='bbox 915 430 1059 485; x_wconf 90' lang='lat' dir='ltr'><strong>quoist</strong></span> <span class='ocrx_word' id='word_1_32' title='bbox 1089 429 1383 471; x_wconf 74' lang='lat' dir='ltr'><strong>Phronesium.</strong></span> 
     </span>
    </p>

    <p class='ocr_par' dir='ltr' id='par_1_9' title="bbox 230 493 1238 555">
     <span class='ocr_line' id='line_1_12' title="bbox 230 493 1238 555; baseline -0.001 -13"><span class='ocrx_word' id='word_1_33' title='bbox 230 500 350 542; x_wconf 88' lang='lat' dir='ltr'><strong>Haec</strong></span> <span class='ocrx_word' id='word_1_34' title='bbox 382 501 510 542; x_wconf 77' lang='lat' dir='ltr'><strong>huius</strong></span> <span class='ocrx_word' id='word_1_35' title='bbox 543 493 683 542; x_wconf 50' lang='lat' dir='ltr'><strong>saecli⁴</strong></span> <span class='ocrx_word' id='word_1_36' title='bbox 704 502 844 542; x_wconf 78' lang='lat' dir='ltr'><strong>mores</strong></span> <span class='ocrx_word' id='word_1_37' title='bbox 876 501 921 543; x_wconf 89' lang='lat' dir='ltr'><strong>in</strong></span> <span class='ocrx_word' id='word_1_38' title='bbox 953 516 997 542; x_wconf 85' lang='lat' dir='ltr'><strong>se</strong></span> <span class='ocrx_word' id='word_1_39' title='bbox 1029 501 1238 555; x_wconf 79' lang='lat' dir='ltr'><strong>possidet:</strong></span> 
     </span>
    </p>

    <p class='ocr_par' dir='ltr' id='par_1_10' title="bbox 229 570 1549 626">
     <span class='ocr_line' id='line_1_13' title="bbox 229 570 1549 626; baseline -0.002 -14"><span class='ocrx_word' id='word_1_40' title='bbox 229 571 477 626; x_wconf 86' lang='lat' dir='ltr'>Numquam</span> <span class='ocrx_word' id='word_1_41' title='bbox 509 571 564 613; x_wconf 76' lang='lat' dir='ltr'><strong>ab</strong></span> <span class='ocrx_word' id='word_1_42' title='bbox 597 574 787 614; x_wconf 84' lang='lat' dir='ltr'><strong>amatore</strong></span> <span class='ocrx_word' id='word_1_43' title='bbox 818 571 1011 626; x_wconf 81' lang='lat' dir='ltr'><strong>postulat</strong></span> <span class='ocrx_word' id='word_1_44' title='bbox 1041 596 1097 600; x_wconf 97' lang='lat'><strong>—</strong></span> <span class='ocrx_word' id='word_1_45' title='bbox 1129 571 1170 625; x_wconf 87' lang='lat' dir='ltr'><strong>id</strong></span> <span class='ocrx_word' id='word_1_46' title='bbox 1204 570 1315 625; x_wconf 81' lang='lat' dir='ltr'><strong>quod</strong></span> <span class='ocrx_word' id='word_1_47' title='bbox 1347 570 1549 622; x_wconf 85' lang='lat' dir='ltr'><strong>datumst,</strong></span> 
     </span>
    </p>
   </div>
   <div class='ocr_carea' id='block_1_9' title="bbox 233 640 1368 696">
    <p class='ocr_par' dir='ltr' id='par_1_11' title="bbox 233 640 1368 696">
     <span class='ocr_line' id='line_1_14' title="bbox 233 640 1368 696; baseline -0.001 -14"><span class='ocrx_word' id='word_1_48' title='bbox 233 640 314 682; x_wconf 86' lang='lat' dir='ltr'><strong>Sed</strong></span> <span class='ocrx_word' id='word_1_49' title='bbox 344 642 547 683; x_wconf 76' lang='lat' dir='ltr'><strong>relicuom</strong></span> <span class='ocrx_word' id='word_1_50' title='bbox 579 642 653 682; x_wconf 89' lang='lat' dir='ltr'><strong>dat</strong></span> <span class='ocrx_word' id='word_1_51' title='bbox 684 643 856 696; x_wconf 79' lang='lat' dir='ltr'><strong>operam</strong></span> <span class='ocrx_word' id='word_1_52' title='bbox 892 666 941 671; x_wconf 86' lang='lat'><em>-</em></span> <span class='ocrx_word' id='word_1_53' title='bbox 976 656 1028 683; x_wconf 91' lang='lat' dir='ltr'><strong>ne</strong></span> <span class='ocrx_word' id='word_1_54' title='bbox 1062 642 1118 683; x_wconf 90' lang='lat' dir='ltr'><strong>sit</strong></span> <span class='ocrx_word' id='word_1_55' title='bbox 1148 641 1368 682; x_wconf 78' lang='lat' dir='ltr'><strong>relicuom!</strong></span> 
     </span>
    </p>
   </div>
   <div class='ocr_carea' id='block_1_10' title="bbox 233 709 1338 812">
    <p class='ocr_par' dir='ltr' id='par_1_12' title="bbox 233 709 1338 812">
     <span class='ocr_line' id='line_1_15' title="bbox 233 709 1275 755; baseline -0.001 -10"><span class='ocrx_word' id='word_1_56' title='bbox 233 709 437 755; x_wconf 74' lang='lat' dir='ltr'><strong>[Poscendo</strong></span> <span class='ocrx_word' id='word_1_57' title='bbox 463 711 574 753; x_wconf 86' lang='lat' dir='ltr'><strong>atque</strong></span> <span class='ocrx_word' id='word_1_58' title='bbox 600 710 795 744; x_wconf 77' lang='lat' dir='ltr'><strong>auferendo</strong></span> <span class='ocrx_word' id='word_1_59' title='bbox 821 711 863 745; x_wconf 85' lang='lat' dir='ltr'><strong>ut</strong></span> <span class='ocrx_word' id='word_1_60' title='bbox 885 722 965 745; x_wconf 90' lang='lat' dir='ltr'><strong>mos</strong></span> <span class='ocrx_word' id='word_1_61' title='bbox 990 712 1045 745; x_wconf 85' lang='lat' dir='ltr'><strong>est</strong></span> <span class='ocrx_word' id='word_1_62' title='bbox 1069 711 1275 753; x_wconf 77' lang='lat' dir='ltr'>mulierum,</span> 
     </span>
     <span class='ocr_line' id='line_1_16' title="bbox 233 767 1338 812; baseline 0 -10"><span class='ocrx_word' id='word_1_63' title='bbox 233 768 329 802; x_wconf 89' lang='lat' dir='ltr'><strong>Nam</strong></span> <span class='ocrx_word' id='word_1_64' title='bbox 356 769 474 802; x_wconf 82' lang='lat' dir='ltr'><strong>omnis</strong></span> <span class='ocrx_word' id='word_1_65' title='bbox 499 767 537 801; x_wconf 91' lang='lat' dir='ltr'><strong>id</strong></span> <span class='ocrx_word' id='word_1_66' title='bbox 561 767 720 812; x_wconf 85' lang='lat' dir='ltr'><strong>faciunt,</strong></span> <span class='ocrx_word' id='word_1_67' title='bbox 746 770 857 812; x_wconf 81' lang='lat' dir='ltr'><strong>quom</strong></span> <span class='ocrx_word' id='word_1_68' title='bbox 882 780 920 803; x_wconf 85' lang='lat' dir='ltr'><strong>se</strong></span> <span class='ocrx_word' id='word_1_69' title='bbox 946 768 1061 803; x_wconf 85' lang='lat' dir='ltr'><strong>amari</strong></span> <span class='ocrx_word' id='word_1_70' title='bbox 1086 767 1338 812; x_wconf 69' lang='lat' dir='ltr'><strong>intellegunt]</strong></span> 
     </span>
    </p>
   </div>
   <div class='ocr_carea' id='block_1_11' title="bbox 231 910 1533 1235">
    <p class='ocr_par' dir='ltr' id='par_1_13' title="bbox 231 910 1256 958">
     <span class='ocr_line' id='line_1_17' title="bbox 231 910 1256 958; baseline -0.004 -20"><span class='ocrx_word' id='word_1_71' title='bbox 231 911 254 935; x_wconf 59' lang='lat'><strong>&#39;⁴²</strong></span> <span class='ocrx_word' id='word_1_72' title='bbox 315 911 338 934; x_wconf 58' lang='lat'><strong>&#39;⁴3</strong></span> <span class='ocrx_word' id='word_1_73' title='bbox 399 914 421 938; x_wconf 70' lang='lat'><strong>²¹1²</strong></span> <span class='ocrx_word' id='word_1_74' title='bbox 482 912 504 935; x_wconf 63' lang='lat'>*</span> <span class='ocrx_word' id='word_1_75' title='bbox 566 912 588 936; x_wconf 65' lang='lat' dir='ltr'>ss</span> <span class='ocrx_word' id='word_1_76' title='bbox 650 913 671 936; x_wconf 65' lang='lat'><strong>³10</strong></span> <span class='ocrx_word' id='word_1_77' title='bbox 733 913 755 936; x_wconf 55' lang='grc' dir='ltr'><strong>ῆι</strong></span> <span class='ocrx_word' id='word_1_78' title='bbox 816 912 838 936; x_wconf 62' lang='lat' dir='ltr'>ss</span> <span class='ocrx_word' id='word_1_79' title='bbox 900 912 922 935; x_wconf 53' lang='grc' dir='ltr'><strong>ὃς</strong></span> <span class='ocrx_word' id='word_1_80' title='bbox 984 911 1006 935; x_wconf 62' lang='lat'><strong>²3</strong></span> <span class='ocrx_word' id='word_1_81' title='bbox 1067 911 1089 934; x_wconf 57' lang='grc' dir='ltr'><strong>ΞΒ</strong></span> <span class='ocrx_word' id='word_1_82' title='bbox 1134 911 1173 958; x_wconf 47' lang='grc' dir='ltr'><strong>,ἣῑ</strong></span> <span class='ocrx_word' id='word_1_83' title='bbox 1235 910 1256 934; x_wconf 62' lang='lat'><strong>²5²</strong></span> 
     </span>
    </p>

    <p class='ocr_par' dir='ltr' id='par_1_14' title="bbox 233 968 1264 1032">
     <span class='ocr_line' id='line_1_18' title="bbox 233 968 1264 1032; baseline -0.001 -22"><span class='ocrx_word' id='word_1_84' title='bbox 233 970 344 1011; x_wconf 88' lang='lat' dir='ltr'><strong>Eum</strong></span> <span class='ocrx_word' id='word_1_85' title='bbox 378 970 422 1010; x_wconf 78' lang='lat' dir='ltr'><strong>se</strong></span> <span class='ocrx_word' id='word_1_86' title='bbox 452 971 668 1032; x_wconf 69' lang='lat' dir='ltr'><strong>peperisse</strong></span> <span class='ocrx_word' id='word_1_87' title='bbox 701 974 879 1025; x_wconf 75' lang='lat' dir='ltr'><strong>puerum</strong></span> <span class='ocrx_word' id='word_1_88' title='bbox 911 970 1088 1011; x_wconf 84' lang='lat' dir='ltr'><strong>simulat</strong></span> <span class='ocrx_word' id='word_1_89' title='bbox 1119 968 1264 1022; x_wconf 88' lang='lat' dir='ltr'><strong>militi,</strong></span> 
     </span>
    </p>

    <p class='ocr_par' dir='ltr' id='par_1_15' title="bbox 233 1038 1384 1093">
     <span class='ocr_line' id='line_1_19' title="bbox 233 1038 1384 1093; baseline 0 -13"><span class='ocrx_word' id='word_1_90' title='bbox 233 1040 324 1089; x_wconf 90' lang='lat' dir='ltr'><strong>Quo</strong></span> <span class='ocrx_word' id='word_1_91' title='bbox 358 1038 483 1081; x_wconf 89' lang='lat' dir='ltr'><strong>citius</strong></span> <span class='ocrx_word' id='word_1_92' title='bbox 515 1054 603 1081; x_wconf 88' lang='lat' dir='ltr'><strong>rem</strong></span> <span class='ocrx_word' id='word_1_93' title='bbox 635 1041 689 1081; x_wconf 89' lang='lat' dir='ltr'><strong>ab</strong></span> <span class='ocrx_word' id='word_1_94' title='bbox 722 1055 771 1081; x_wconf 91' lang='lat' dir='ltr'><strong>eo</strong></span> <span class='ocrx_word' id='word_1_95' title='bbox 803 1042 975 1082; x_wconf 78' lang='lat' dir='ltr'><strong>avorrat</strong></span> <span class='ocrx_word' id='word_1_96' title='bbox 1006 1054 1102 1081; x_wconf 87' lang='lat' dir='ltr'><strong>cum</strong></span> <span class='ocrx_word' id='word_1_97' title='bbox 1134 1038 1384 1093; x_wconf 88' lang='lat' dir='ltr'><strong>pulvisculo.</strong></span> 
     </span>
    </p>

    <p class='ocr_par' dir='ltr' id='par_1_16' title="bbox 233 1110 1533 1235">
     <span class='ocr_line' id='line_1_20' title="bbox 237 1110 1397 1165; baseline -0.002 -14"><span class='ocrx_word' id='word_1_98' title='bbox 237 1110 346 1159; x_wconf 86' lang='lat' dir='ltr'><strong>Quid</strong></span> <span class='ocrx_word' id='word_1_99' title='bbox 377 1111 544 1152; x_wconf 74' lang='lat' dir='ltr'><strong>multa?</strong></span> <span class='ocrx_word' id='word_1_100' title='bbox 578 1111 613 1152; x_wconf 90' lang='lat' dir='ltr'><strong>si</strong></span> <span class='ocrx_word' id='word_1_101' title='bbox 646 1111 745 1165; x_wconf 89' lang='lat' dir='ltr'><strong>quid</strong></span> <span class='ocrx_word' id='word_1_102' title='bbox 777 1112 910 1153; x_wconf 76' lang='lat' dir='ltr'><strong>restat</strong></span> <span class='ocrx_word' id='word_1_103' title='bbox 941 1125 1067 1164; x_wconf 87' lang='lat' dir='ltr'><strong>super</strong></span> <span class='ocrx_word' id='word_1_104' title='bbox 1096 1110 1177 1151; x_wconf 84' lang='lat' dir='ltr'><strong>hac</strong></span> <span class='ocrx_word' id='word_1_105' title='bbox 1209 1110 1397 1163; x_wconf 77' lang='lat' dir='ltr'><strong>muliere,</strong></span> 
     </span>
     <span class='ocr_line' id='line_1_21' title="bbox 233 1179 1533 1235; baseline -0.001 -14"><span class='ocrx_word' id='word_1_106' title='bbox 233 1180 392 1222; x_wconf 81' lang='lat' dir='ltr'>Eccum</span> <span class='ocrx_word' id='word_1_107' title='bbox 424 1181 572 1222; x_wconf 76' lang='lat' dir='ltr'><strong>amans</strong></span> <span class='ocrx_word' id='word_1_108' title='bbox 603 1181 798 1222; x_wconf 83' lang='lat' dir='ltr'><strong>narrabit</strong></span> <span class='ocrx_word' id='word_1_109' title='bbox 829 1181 914 1223; x_wconf 87' lang='lat' dir='ltr'><strong>iam</strong></span> <span class='ocrx_word' id='word_1_110' title='bbox 945 1181 1028 1223; x_wconf 77' lang='lat' dir='ltr'><strong>huc</strong></span> <span class='ocrx_word' id='word_1_111' title='bbox 1059 1181 1131 1235; x_wconf 88' lang='lat' dir='ltr'><strong>qui</strong></span> <span class='ocrx_word' id='word_1_112' title='bbox 1163 1180 1304 1221; x_wconf 84' lang='lat' dir='ltr'><strong>veniet</strong></span> <span class='ocrx_word' id='word_1_113' title='bbox 1335 1179 1533 1220; x_wconf 75' lang='lat' dir='ltr'><strong>ceterum.</strong></span> 
     </span>
    </p>
   </div>
   <div class='ocr_carea' id='block_1_12' title="bbox 655 1297 1072 1340">
    <p class='ocr_par' dir='ltr' id='par_1_17' title="bbox 655 1297 1072 1340">
     <span class='ocr_line' id='line_1_22' title="bbox 655 1297 1072 1340; baseline 0.002 -1"><span class='ocrx_word' id='word_1_114' title='bbox 655 1297 1072 1340; x_wconf 81' lang='lat' dir='ltr'><strong>DINIARCHVS</strong></span> 
     </span>
    </p>
   </div>
   <div class='ocr_carea' id='block_1_13' title="bbox 233 1379 1503 1565">
    <p class='ocr_par' dir='ltr' id='par_1_18' title="bbox 233 1379 1503 1565">
     <span class='ocr_line' id='line_1_23' title="bbox 233 1379 1289 1435; baseline 0 -14"><span class='ocrx_word' id='word_1_115' title='bbox 233 1379 332 1422; x_wconf 92' lang='lat' dir='ltr'><strong>Non</strong></span> <span class='ocrx_word' id='word_1_116' title='bbox 363 1381 503 1422; x_wconf 78' lang='lat' dir='ltr'><strong>omnis</strong></span> <span class='ocrx_word' id='word_1_117' title='bbox 536 1383 653 1421; x_wconf 87' lang='lat' dir='ltr'><strong>aetas</strong></span> <span class='ocrx_word' id='word_1_118' title='bbox 687 1381 740 1422; x_wconf 73' lang='lat' dir='ltr'><strong>ad</strong></span> <span class='ocrx_word' id='word_1_119' title='bbox 771 1381 1094 1435; x_wconf 74' lang='lat' dir='ltr'><strong>perdiscendum</strong></span> <span class='ocrx_word' id='word_1_120' title='bbox 1127 1383 1193 1422; x_wconf 85' lang='lat' dir='ltr'><strong>sat</strong></span> <span class='ocrx_word' id='word_1_121' title='bbox 1224 1383 1289 1421; x_wconf 90' lang='lat' dir='ltr'><strong>est</strong></span> 
     </span>
     <span class='ocr_line' id='line_1_24' title="bbox 237 1449 1219 1495; baseline 0 -12"><span class='ocrx_word' id='word_1_122' title='bbox 237 1449 405 1494; x_wconf 80' lang='lat' dir='ltr'><strong>[Amanti</strong></span> <span class='ocrx_word' id='word_1_123' title='bbox 430 1450 517 1484; x_wconf 91' lang='lat' dir='ltr'><strong>dum</strong></span> <span class='ocrx_word' id='word_1_124' title='bbox 542 1450 581 1484; x_wconf 89' lang='lat' dir='ltr'><strong>id</strong></span> <span class='ocrx_word' id='word_1_125' title='bbox 606 1450 793 1495; x_wconf 85' lang='lat' dir='ltr'><strong>perdiscat</strong></span> <span class='ocrx_word' id='word_1_126' title='bbox 817 1451 908 1494; x_wconf 91' lang='lat' dir='ltr'><strong>quot</strong></span> <span class='ocrx_word' id='word_1_127' title='bbox 932 1452 1060 1495; x_wconf 78' lang='lat' dir='ltr'><strong>pereat</strong></span> <span class='ocrx_word' id='word_1_128' title='bbox 1084 1449 1219 1494; x_wconf 81' lang='lat' dir='ltr'><strong>modis]</strong></span> 
     </span>
     <span class='ocr_line' id='line_1_25' title="bbox 233 1507 1503 1565; baseline -0.002 -14"><span class='ocrx_word' id='word_1_129' title='bbox 233 1509 381 1563; x_wconf 81' lang='lat' dir='ltr'><strong>Neque</strong></span> <span class='ocrx_word' id='word_1_130' title='bbox 413 1512 508 1551; x_wconf 76' lang='lat' dir='ltr'><strong>eam</strong></span> <span class='ocrx_word' id='word_1_131' title='bbox 539 1511 748 1552; x_wconf 88' lang='lat' dir='ltr'><strong>rationem</strong></span> <span class='ocrx_word' id='word_1_132' title='bbox 781 1512 905 1564; x_wconf 73' lang='lat' dir='ltr'><strong>eapse</strong></span> <span class='ocrx_word' id='word_1_133' title='bbox 937 1525 1140 1565; x_wconf 86' lang='lat' dir='ltr'><strong>umquam</strong></span> <span class='ocrx_word' id='word_1_134' title='bbox 1174 1507 1313 1550; x_wconf 79' lang='lat' dir='ltr'><strong>educit</strong></span> <span class='ocrx_word' id='word_1_135' title='bbox 1345 1508 1503 1560; x_wconf 85' lang='lat' dir='ltr'><strong>Venus,</strong></span> 
     </span>
    </p>
   </div>
   <div class='ocr_carea' id='block_1_14' title="bbox 235 1578 1503 2599">
    <p class='ocr_par' dir='ltr' id='par_1_19' title="bbox 235 1578 1431 1776">
     <span class='ocr_line' id='line_1_26' title="bbox 235 1578 1431 1634; baseline -0.001 -14"><span class='ocrx_word' id='word_1_136' title='bbox 235 1578 371 1628; x_wconf 88' lang='lat' dir='ltr'><strong>Quam</strong></span> <span class='ocrx_word' id='word_1_137' title='bbox 402 1582 530 1634; x_wconf 71' lang='lat' dir='ltr'><strong>penes</strong></span> <span class='ocrx_word' id='word_1_138' title='bbox 565 1583 785 1630; x_wconf 84' lang='lat' dir='ltr'><strong>amantum</strong></span> <span class='ocrx_word' id='word_1_139' title='bbox 817 1584 984 1622; x_wconf 75' lang='lat' dir='ltr'><strong>summa</strong></span> <span class='ocrx_word' id='word_1_140' title='bbox 1015 1583 1279 1622; x_wconf 75' lang='lat' dir='ltr'><strong>summarum</strong></span> <span class='ocrx_word' id='word_1_141' title='bbox 1309 1579 1431 1632; x_wconf 88' lang='lat' dir='ltr'><strong>redit,</strong></span> 
     </span>
     <span class='ocr_line' id='line_1_27' title="bbox 236 1649 1355 1706; baseline -0.001 -15"><span class='ocrx_word' id='word_1_142' title='bbox 236 1649 350 1698; x_wconf 88' lang='lat' dir='ltr'><strong>Quot</strong></span> <span class='ocrx_word' id='word_1_143' title='bbox 382 1652 530 1692; x_wconf 75' lang='lat' dir='ltr'><strong>amans</strong></span> <span class='ocrx_word' id='word_1_144' title='bbox 563 1652 767 1705; x_wconf 84' lang='lat' dir='ltr'><strong>exemplis</strong></span> <span class='ocrx_word' id='word_1_145' title='bbox 798 1651 1052 1706; x_wconf 75' lang='lat' dir='ltr'><strong>ludificetur,</strong></span> <span class='ocrx_word' id='word_1_146' title='bbox 1083 1652 1186 1705; x_wconf 79' lang='lat' dir='ltr'><strong>quot</strong></span> <span class='ocrx_word' id='word_1_147' title='bbox 1218 1649 1355 1691; x_wconf 89' lang='lat' dir='ltr'><strong>modis</strong></span> 
     </span>
     <span class='ocr_line' id='line_1_28' title="bbox 235 1720 1123 1776; baseline 0.001 -15"><span class='ocrx_word' id='word_1_148' title='bbox 235 1720 389 1762; x_wconf 74' lang='lat' dir='ltr'><strong>Pereat</strong></span> <span class='ocrx_word' id='word_1_149' title='bbox 420 1725 606 1776; x_wconf 88' lang='lat' dir='ltr'><strong>quotque</strong></span> <span class='ocrx_word' id='word_1_150' title='bbox 639 1722 835 1763; x_wconf 73' lang='lat' dir='ltr'><strong>exoretur</strong></span> <span class='ocrx_word' id='word_1_151' title='bbox 866 1722 1123 1763; x_wconf 74' lang='lat' dir='ltr'><strong>exorabulis.</strong></span> 
     </span>
    </p>

    <p class='ocr_par' dir='ltr' id='par_1_20' title="bbox 238 1790 1289 1846">
     <span class='ocr_line' id='line_1_29' title="bbox 238 1790 1289 1846; baseline 0 -15"><span class='ocrx_word' id='word_1_152' title='bbox 238 1793 348 1838; x_wconf 83' lang='lat' dir='ltr'><strong>Quot</strong></span> <span class='ocrx_word' id='word_1_153' title='bbox 377 1790 465 1833; x_wconf 89' lang='lat' dir='ltr'><strong>illic</strong></span> <span class='ocrx_word' id='word_1_154' title='bbox 495 1791 748 1846; x_wconf 76' lang='lat' dir='ltr'><strong>blanditiae,</strong></span> <span class='ocrx_word' id='word_1_155' title='bbox 779 1793 882 1846; x_wconf 81' lang='lat' dir='ltr'><strong>quot</strong></span> <span class='ocrx_word' id='word_1_156' title='bbox 912 1791 1002 1832; x_wconf 88' lang='lat' dir='ltr'><strong>illic</strong></span> <span class='ocrx_word' id='word_1_157' title='bbox 1032 1791 1289 1844; x_wconf 76' lang='lat' dir='ltr'><strong>iracundiae,</strong></span> 
     </span>
    </p>

    <p class='ocr_par' dir='ltr' id='par_1_21' title="bbox 237 1859 1503 2270">
     <span class='ocr_line' id='line_1_30' title="bbox 237 1859 1503 1916; baseline -0.002 -15"><span class='ocrx_word' id='word_1_158' title='bbox 237 1860 347 1902; x_wconf 82' lang='lat' dir='ltr'><strong>Sunt</strong></span> <span class='ocrx_word' id='word_1_159' title='bbox 378 1863 484 1916; x_wconf 80' lang='lat' dir='ltr'><strong>quot</strong></span> <span class='ocrx_word' id='word_1_160' title='bbox 515 1862 831 1916; x_wconf 78' lang='lat' dir='ltr'><strong>superbimenta</strong></span> <span class='ocrx_word' id='word_1_161' title='bbox 859 1886 912 1892; x_wconf 91' lang='lat'><strong>—</strong></span> <span class='ocrx_word' id='word_1_162' title='bbox 938 1862 980 1903; x_wconf 86' lang='lat' dir='ltr'><strong>di</strong></span> <span class='ocrx_word' id='word_1_163' title='bbox 1012 1863 1203 1903; x_wconf 74' lang='lat' dir='ltr'><strong>vostram</strong></span> <span class='ocrx_word' id='word_1_164' title='bbox 1235 1861 1380 1913; x_wconf 89' lang='lat' dir='ltr'><strong>fidem,</strong></span> <span class='ocrx_word' id='word_1_165' title='bbox 1413 1859 1503 1900; x_wconf 85' lang='lat' dir='ltr'><strong>hui!</strong></span> 
     </span>
     <span class='ocr_line' id='line_1_31' title="bbox 237 1930 1333 1987; baseline 0 -15"><span class='ocrx_word' id='word_1_166' title='bbox 237 1930 346 1980; x_wconf 87' lang='lat' dir='ltr'><strong>Quid</strong></span> <span class='ocrx_word' id='word_1_167' title='bbox 377 1932 610 1987; x_wconf 74' lang='lat' dir='ltr'><strong>perierant,</strong></span> <span class='ocrx_word' id='word_1_168' title='bbox 641 1932 741 1974; x_wconf 92' lang='lat' dir='ltr'><strong>dum</strong></span> <span class='ocrx_word' id='word_1_169' title='bbox 772 1931 944 1974; x_wconf 76' lang='lat' dir='ltr'><strong>eliciant</strong></span> <span class='ocrx_word' id='word_1_170' title='bbox 974 1932 1114 1987; x_wconf 88' lang='lat' dir='ltr'><strong>pretia</strong></span> <span class='ocrx_word' id='word_1_171' title='bbox 1144 1934 1333 1973; x_wconf 74' lang='lat' dir='ltr'><strong>munera.</strong></span> 
     </span>
     <span class='ocr_line' id='line_1_32' title="bbox 238 2001 1374 2057; baseline 0 -15"><span class='ocrx_word' id='word_1_172' title='bbox 238 2001 531 2044; x_wconf 73' lang='lat' dir='ltr'><strong>Primumdum</strong></span> <span class='ocrx_word' id='word_1_173' title='bbox 562 2017 724 2044; x_wconf 88' lang='lat' dir='ltr'><strong>merces</strong></span> <span class='ocrx_word' id='word_1_174' title='bbox 757 2004 916 2044; x_wconf 75' lang='lat' dir='ltr'><strong>annua:</strong></span> <span class='ocrx_word' id='word_1_175' title='bbox 948 2003 984 2044; x_wconf 88' lang='lat' dir='ltr'><strong>is</strong></span> <span class='ocrx_word' id='word_1_176' title='bbox 1016 2002 1374 2057; x_wconf 71' lang='lat' dir='ltr'><strong>primiis‘bolust3</strong></span> 
     </span>
     <span class='ocr_line' id='line_1_33' title="bbox 239 2070 1235 2116; baseline 0 -2"><span class='ocrx_word' id='word_1_177' title='bbox 239 2070 303 2114; x_wconf 93' lang='lat' dir='ltr'><strong>Ob</strong></span> <span class='ocrx_word' id='word_1_178' title='bbox 336 2073 430 2115; x_wconf 74' lang='lat' dir='ltr'><strong>eam</strong></span> <span class='ocrx_word' id='word_1_179' title='bbox 462 2075 551 2116; x_wconf 87' lang='lat' dir='ltr'><strong>tres</strong></span> <span class='ocrx_word' id='word_1_180' title='bbox 582 2073 721 2116; x_wconf 88' lang='lat' dir='ltr'><strong>noctis</strong></span> <span class='ocrx_word' id='word_1_181' title='bbox 753 2073 924 2116; x_wconf 77' lang='lat' dir='ltr'><strong>dantur:</strong></span> <span class='ocrx_word' id='word_1_182' title='bbox 957 2073 1120 2115; x_wconf 73' lang='lat' dir='ltr'><strong>interea</strong></span> <span class='ocrx_word' id='word_1_183' title='bbox 1153 2073 1235 2115; x_wconf 91' lang='lat' dir='ltr'><strong>loci</strong></span> 
     </span>
     <span class='ocr_line' id='line_1_34' title="bbox 238 2143 1433 2199; baseline 0 -16"><span class='ocrx_word' id='word_1_184' title='bbox 238 2143 490 2185; x_wconf 76' lang='lat' dir='ltr'><strong>Auctarium</strong></span> <span class='ocrx_word' id='word_1_185' title='bbox 523 2147 635 2199; x_wconf 85' lang='lat' dir='ltr'><strong>orat,</strong></span> <span class='ocrx_word' id='word_1_186' title='bbox 667 2143 812 2185; x_wconf 86' lang='lat' dir='ltr'><strong>vinum</strong></span> <span class='ocrx_word' id='word_1_187' title='bbox 845 2148 919 2186; x_wconf 90' lang='lat' dir='ltr'><strong>aut</strong></span> <span class='ocrx_word' id='word_1_188' title='bbox 950 2146 1089 2186; x_wconf 90' lang='lat' dir='ltr'><strong>oleum</strong></span> <span class='ocrx_word' id='word_1_189' title='bbox 1121 2147 1195 2185; x_wconf 90' lang='lat' dir='ltr'><strong>aut</strong></span> <span class='ocrx_word' id='word_1_190' title='bbox 1224 2143 1433 2184; x_wconf 87' lang='lat' dir='ltr'><strong>triticum:</strong></span> 
     </span>
     <span class='ocr_line' id='line_1_35' title="bbox 237 2213 1256 2270; baseline 0.001 -16"><span class='ocrx_word' id='word_1_191' title='bbox 237 2213 437 2267; x_wconf 78' lang='lat' dir='ltr'><strong>Temptat</strong></span> <span class='ocrx_word' id='word_1_192' title='bbox 467 2215 730 2269; x_wconf 83' lang='lat' dir='ltr'><strong>benignusne</strong></span> <span class='ocrx_word' id='word_1_193' title='bbox 763 2216 818 2256; x_wconf 75' lang='lat' dir='ltr'><strong>an</strong></span> <span class='ocrx_word' id='word_1_194' title='bbox 848 2216 985 2257; x_wconf 90' lang='lat' dir='ltr'><strong>bonae</strong></span> <span class='ocrx_word' id='word_1_195' title='bbox 1017 2214 1134 2270; x_wconf 86' lang='lat' dir='ltr'><strong>frugi</strong></span> <span class='ocrx_word' id='word_1_196' title='bbox 1163 2215 1256 2256; x_wconf 78' lang='lat' dir='ltr'><strong>sies,</strong></span> 
     </span>
    </p>

    <p class='ocr_par' dir='ltr' id='par_1_22' title="bbox 240 2282 1298 2411">
     <span class='ocr_line' id='line_1_36' title="bbox 240 2282 1298 2341; baseline 0 -16"><span class='ocrx_word' id='word_1_197' title='bbox 240 2282 372 2332; x_wconf 82' lang='lat' dir='ltr'><strong>Quasi</strong></span> <span class='ocrx_word' id='word_1_198' title='bbox 403 2283 447 2325; x_wconf 90' lang='lat' dir='ltr'><strong>in</strong></span> <span class='ocrx_word' id='word_1_199' title='bbox 479 2284 691 2339; x_wconf 89' lang='lat' dir='ltr'><strong>piscinam</strong></span> <span class='ocrx_word' id='word_1_200' title='bbox 722 2285 811 2326; x_wconf 72' lang='lat' dir='ltr'><strong>rete</strong></span> <span class='ocrx_word' id='word_1_201' title='bbox 844 2285 917 2341; x_wconf 93' lang='lat' dir='ltr'><strong>qui</strong></span> <span class='ocrx_word' id='word_1_202' title='bbox 948 2285 1131 2326; x_wconf 82' lang='lat' dir='ltr'><strong>iaeuhim</strong></span> <span class='ocrx_word' id='word_1_203' title='bbox 1163 2287 1298 2338; x_wconf 89' lang='lat' dir='ltr'><strong>parat,</strong></span> 
     </span>
     <span class='ocr_line' id='line_1_37' title="bbox 240 2353 1280 2411; baseline 0.001 -17"><span class='ocrx_word' id='word_1_204' title='bbox 240 2353 416 2403; x_wconf 89' lang='lat' dir='ltr'><strong>Quando</strong></span> <span class='ocrx_word' id='word_1_205' title='bbox 450 2355 556 2396; x_wconf 74' lang='lat' dir='ltr'><strong>abiit</strong></span> <span class='ocrx_word' id='word_1_206' title='bbox 588 2359 677 2397; x_wconf 85' lang='lat' dir='ltr'><strong>rete</strong></span> <span class='ocrx_word' id='word_1_207' title='bbox 708 2358 880 2411; x_wconf 73' lang='lat' dir='ltr'><strong>persum</strong></span> <span class='ocrx_word' id='word_1_208' title='bbox 913 2356 1082 2398; x_wconf 88' lang='lat' dir='ltr'><strong>adducit</strong></span> <span class='ocrx_word' id='word_1_209' title='bbox 1112 2355 1280 2409; x_wconf 87' lang='lat' dir='ltr'><strong>lineam,</strong></span> 
     </span>
    </p>

    <p class='ocr_par' dir='ltr' id='par_1_23' title="bbox 243 2423 1209 2484">
     <span class='ocr_line' id='line_1_38' title="bbox 243 2423 1209 2484; baseline 0.002 -18"><span class='ocrx_word' id='word_1_210' title='bbox 243 2423 287 2466; x_wconf 80' lang='lat' dir='ltr'><strong>Si</strong></span> <span class='ocrx_word' id='word_1_211' title='bbox 319 2423 463 2467; x_wconf 88' lang='lat' dir='ltr'><strong>inierit</strong></span> <span class='ocrx_word' id='word_1_212' title='bbox 494 2429 583 2468; x_wconf 88' lang='lat' dir='ltr'><strong>rete</strong></span> <span class='ocrx_word' id='word_1_213' title='bbox 615 2425 744 2482; x_wconf 86' lang='lat' dir='ltr'><strong>piscis</strong></span> <span class='ocrx_word' id='word_1_214' title='bbox 775 2442 836 2484; x_wconf 29' lang='lat' dir='ltr'><strong>ne·</strong></span> <span class='ocrx_word' id='word_1_215' title='bbox 861 2426 1038 2482; x_wconf 77' lang='lat' dir='ltr'><strong>effugiat</strong></span> <span class='ocrx_word' id='word_1_216' title='bbox 1069 2429 1209 2469; x_wconf 89' lang='lat' dir='ltr'><strong>cavet:</strong></span> 
     </span>
    </p>

    <p class='ocr_par' dir='ltr' id='par_1_24' title="bbox 241 2493 1092 2540">
     <span class='ocr_line' id='line_1_39' title="bbox 241 2493 1092 2540; baseline 0.002 -13"><span class='ocrx_word' id='word_1_217' title='bbox 241 2493 354 2539; x_wconf 89' lang='lat' dir='ltr'><strong>[Dum</strong></span> <span class='ocrx_word' id='word_1_218' title='bbox 380 2494 452 2528; x_wconf 89' lang='lat' dir='ltr'><strong>huc</strong></span> <span class='ocrx_word' id='word_1_219' title='bbox 477 2495 564 2530; x_wconf 90' lang='lat' dir='ltr'><strong>dum</strong></span> <span class='ocrx_word' id='word_1_220' title='bbox 589 2496 679 2531; x_wconf 89' lang='lat' dir='ltr'><strong>illuc</strong></span> <span class='ocrx_word' id='word_1_221' title='bbox 704 2498 910 2540; x_wconf 85' lang='lat' dir='ltr'><strong>retorquet,</strong></span> <span class='ocrx_word' id='word_1_222' title='bbox 935 2495 1092 2540; x_wconf 86' lang='lat' dir='ltr'><strong>impedit</strong></span> 
     </span>
    </p>

    <p class='ocr_par' dir='ltr' id='par_1_25' title="bbox 239 2552 1038 2599">
     <span class='ocr_line' id='line_1_40' title="bbox 239 2552 1038 2599; baseline 0.001 -13"><span class='ocrx_word' id='word_1_223' title='bbox 239 2552 350 2597; x_wconf 81' lang='lat' dir='ltr'><strong>piscis</strong></span> <span class='ocrx_word' id='word_1_224' title='bbox 375 2564 490 2598; x_wconf 78' lang='lat' dir='ltr'><strong>usque</strong></span> <span class='ocrx_word' id='word_1_225' title='bbox 515 2554 608 2589; x_wconf 82' lang='lat' dir='ltr'><strong>adeo</strong></span> <span class='ocrx_word' id='word_1_226' title='bbox 634 2554 750 2590; x_wconf 87' lang='lat' dir='ltr'><strong>donec</strong></span> <span class='ocrx_word' id='word_1_227' title='bbox 773 2555 872 2590; x_wconf 85' lang='lat' dir='ltr'><strong>foras</strong></span> <span class='ocrx_word' id='word_1_228' title='bbox 898 2553 1038 2599; x_wconf 82' lang='lat' dir='ltr'><strong>eduxit]</strong></span> 
     </span>
    </p>
   </div>
   <div class='ocr_carea' id='block_1_15' title="bbox 239 2611 1379 2881">
    <p class='ocr_par' dir='ltr' id='par_1_26' title="bbox 239 2611 1379 2881">
     <span class='ocr_line' id='line_1_41' title="bbox 239 2611 1346 2669; baseline 0.004 -16"><span class='ocrx_word' id='word_1_229' title='bbox 239 2611 393 2654; x_wconf 89' lang='lat' dir='ltr'><strong>Itidem</strong></span> <span class='ocrx_word' id='word_1_230' title='bbox 423 2612 496 2655; x_wconf 86' lang='lat' dir='ltr'><strong>isti</strong></span> <span class='ocrx_word' id='word_1_231' title='bbox 528 2617 706 2669; x_wconf 88' lang='lat' dir='ltr'><strong>amator,</strong></span> <span class='ocrx_word' id='word_1_232' title='bbox 738 2615 799 2656; x_wconf 89' lang='lat' dir='ltr'><strong>sei</strong></span> <span class='ocrx_word' id='word_1_233' title='bbox 829 2614 873 2655; x_wconf 89' lang='lat' dir='ltr'><strong>id</strong></span> <span class='ocrx_word' id='word_1_234' title='bbox 906 2615 1018 2669; x_wconf 89' lang='lat' dir='ltr'><strong>quod</strong></span> <span class='ocrx_word' id='word_1_235' title='bbox 1050 2618 1199 2656; x_wconf 79' lang='lat' dir='ltr'><strong>oratur</strong></span> <span class='ocrx_word' id='word_1_236' title='bbox 1230 2615 1346 2657; x_wconf 90' lang='lat' dir='ltr'><strong>dedit</strong></span> 
     </span>
     <span class='ocr_line' id='line_1_42' title="bbox 241 2682 1379 2740; baseline 0.004 -17"><span class='ocrx_word' id='word_1_237' title='bbox 241 2682 382 2736; x_wconf 87' lang='lat' dir='ltr'><strong>Atque</strong></span> <span class='ocrx_word' id='word_1_238' title='bbox 414 2685 480 2725; x_wconf 76' lang='lat' dir='ltr'><strong>est</strong></span> <span class='ocrx_word' id='word_1_239' title='bbox 511 2685 721 2740; x_wconf 84' lang='lat' dir='ltr'><strong>benignus</strong></span> <span class='ocrx_word' id='word_1_240' title='bbox 753 2685 896 2740; x_wconf 79' lang='lat' dir='ltr'><strong>p6tius</strong></span> <span class='ocrx_word' id='word_1_241' title='bbox 928 2685 1055 2740; x_wconf 85' lang='lat' dir='ltr'><strong>quain</strong></span> <span class='ocrx_word' id='word_1_242' title='bbox 1086 2685 1204 2740; x_wconf 88' lang='lat' dir='ltr'><strong>frugi</strong></span> <span class='ocrx_word' id='word_1_243' title='bbox 1234 2687 1379 2728; x_wconf 85' lang='lat' dir='ltr'><strong>bonae.</strong></span> 
     </span>
     <span class='ocr_line' id='line_1_43' title="bbox 240 2751 1345 2798; baseline 0.005 -7"><span class='ocrx_word' id='word_1_244' title='bbox 240 2751 470 2794; x_wconf 73' lang='lat' dir='ltr'><strong>Adduntur</strong></span> <span class='ocrx_word' id='word_1_245' title='bbox 499 2757 664 2797; x_wconf 87' lang='lat' dir='ltr'><strong>noctes:</strong></span> <span class='ocrx_word' id='word_1_246' title='bbox 695 2755 868 2796; x_wconf 89' lang='lat' dir='ltr'><strong>interim</strong></span> <span class='ocrx_word' id='word_1_247' title='bbox 900 2755 971 2795; x_wconf 89' lang='lat' dir='ltr'><strong>ille</strong></span> <span class='ocrx_word' id='word_1_248' title='bbox 1001 2756 1177 2797; x_wconf 73' lang='lat' dir='ltr'><strong>hamum</strong></span> <span class='ocrx_word' id='word_1_249' title='bbox 1210 2760 1345 2798; x_wconf 89' lang='lat' dir='ltr'><strong>vorat.</strong></span> 
     </span>
     <span class='ocr_line' id='line_1_44' title="bbox 244 2820 1202 2881; baseline 0.006 -19"><span class='ocrx_word' id='word_1_250' title='bbox 244 2820 289 2862; x_wconf 81' lang='lat' dir='ltr'><strong>Si</strong></span> <span class='ocrx_word' id='word_1_251' title='bbox 321 2824 453 2866; x_wconf 76' lang='lat' dir='ltr'><strong>semel</strong></span> <span class='ocrx_word' id='word_1_252' title='bbox 485 2826 642 2869; x_wconf 87' lang='lat' dir='ltr'><strong>amoris</strong></span> <span class='ocrx_word' id='word_1_253' title='bbox 673 2826 871 2881; x_wconf 79' lang='lat' dir='ltr'><strong>poculum</strong></span> <span class='ocrx_word' id='word_1_254' title='bbox 904 2825 1066 2881; x_wconf 80' lang='lat' dir='ltr'><strong>accepit</strong></span> <span class='ocrx_word' id='word_1_255' title='bbox 1097 2827 1202 2868; x_wconf 88' lang='lat' dir='ltr'><strong>meri</strong></span> 
     </span>
    </p>
   </div>
  </div>
 </body>
</html>
