1688 2978
697 123 989 164 -57-

85 225 219 267 Porro
257 227 368 280 quod
405 226 551 268 eodem
590 227 684 269 loco
723 227 971 269 Boeckelius
1010 243 1105 269 cum
1141 228 1328 283 Bergkio
1367 230 1393 270 l.
1427 245 1457 270 s.
1492 244 1522 270 s.
1561 244 1600 282 p.

85 295 141 337 49
163 310 223 350 sq.
260 296 447 351 itemque
486 297 744 338 assentiente
781 296 1046 341 Reinhardto
1084 299 1110 340 l.
1150 314 1180 340 s.
1220 315 1251 341 s.
1289 315 1329 354 p.
1356 300 1412 341 98
1452 314 1599 340 versus

85 366 141 406 49
154 379 215 420 sq.
235 366 436 413 delendos
463 380 553 406 esse
581 366 745 408 censuit
769 367 893 420 plane
921 367 1158 422 adstipulor
1177 368 1438 410 Buechelero
1465 369 1599 410 nimio

86 450 187 477 sane
218 435 385 477 facilius
413 450 505 477 esse
531 438 724 490 ereptum
755 437 815 478 ire
847 438 897 478 de
922 437 1076 480 Plauto
1102 453 1248 480 versus
1274 439 1385 480 male
1416 439 1599 480 traditos

85 520 213 560 quam
243 506 460 548 vindicare
493 521 542 548 ac
572 506 932 564 perpurgare103).
980 508 1093 550 Nam
1123 509 1268 563 quippe
1298 510 1369 562 qm·
1393 513 1495 551 certo
1519 511 1599 552 scio

86 576 260 617 minime
286 577 475 618 redolere
502 592 739 618 sermonem
766 578 1015 619 Plautinum
1046 580 1189 620 nescio
1224 595 1277 620 an
1306 595 1356 620 ex
1383 579 1598 621 Ciceronis

83 646 225 701 potius
258 662 384 702 quam
405 646 546 689 Plauti
578 646 730 689 harum
761 647 1067 702 particularum
1099 664 1178 691 usu
1209 648 1459 691 Boeckelius
1490 649 1597 692 iudi-

88 717 260 758 caverit.

204 787 285 830 Sed
324 787 518 843 quamvis
557 788 662 830 bene
701 803 864 831 memor
897 789 979 831 sim'
1006 789 1225 844 praecepti
1256 790 1595 844 Buecheleriani‚

85 861 229 898 tamen
270 871 356 897 non
397 871 545 898 vereor
586 872 638 898 ne
680 859 791 899 idem
833 859 924 912 ipse
962 860 1113 900 vitium
1155 861 1457 913 contraxerim,
1502 875 1597 900 cum

85 928 188 970 olim
228 943 264 969 v.
300 928 350 968 17
374 943 432 982 sq.
466 928 763 970 contenderem
801 928 845 969 in
877 931 1061 970 metrum
1092 945 1177 971 non
1209 929 1460 984 redigendos
1494 945 1598 982 esse,

86 997 159 1039 sed
190 1012 267 1051 pro
299 996 677 1051 interpretamento
709 999 935 1040 verborum
960 1000 1089 1052 piscis
1114 1014 1163 1041 nc
1186 1000 1357 1053 effuyiat
1385 1002 1493 1040 cavet
1523 999 1597 1039 ha-

85 1067 259 1109 bendos.
308 1067 421 1108 Nam
452 1067 495 1108 in
525 1067 732 1108 librorum
764 1068 970 1110 memoria
1000 1070 1097 1110 dum
1126 1068 1203 1111 huc
1226 1071 1325 1111 dum
1352 1070 1448 1110 illuc
1471 1072 1598 1110 reteor

84 1138 254 1191 impedit
280 1138 409 1191 piscis
444 1151 568 1190 usque
603 1139 700 1179 adeo
738 1137 849 1179 (ἷοῑὶῖι
881 1139 996 1190 foras
1032 1140 1171 1180 eduxit
1208 1141 1254 1180 ut
1285 1137 1595 1180 concedendum

87 1207 143 1248 sit
180 1222 306 1261 posse
345 1221 446 1248 sane
484 1210 527 1248 et
562 1208 660 1249 dum
696 1208 925 1262 repetitum
955 1211 1124 1262 praeter
1155 1223 1319 1250 morem
1352 1207 1596 1249 Plautinum

85 1280 127 1318 et
166 1278 332 1319 hiatum
372 1278 576 1319 vitiosum
615 1279 713 1319 dum
751 1278 829 1319 heic
868 1279 964 1319 dum
1004 1279 1103 1320 illuc
1142 1294 1226 1320 una
1268 1294 1361 1320 cum
1406 1279 1596 1332 corrupti

84 1351 210 1389 reteor
240 1348 479 1389 necessaria
510 1348 806 1390 emendatione
837 1349 1062 1402 removeri,
1100 1349 1288 1403 itemque
1325 1363 1450 1390 versu
1481 1349 1595 1393 ,inse-

85 1421 239 1471 quente
270 1419 459 1459 donicum
490 1419 690 1460 restituto
722 1419 992 1472 traiectisque
1024 1420 1162 1460 eduxit
1189 1420 1304 1470 foras
1335 1434 1504 1460 versum
1537 1419 1594 1458 ef-

86 1487 167 1542 fici,
198 1489 343 1529 tamen
373 1502 451 1529 nec
474 1488 603 1541 piscis
634 1488 812 1543 pluralis
843 1503 1045 1530 numerus
1071 1489 1197 1531 facile
1224 1488 1382 1543 poterit
1407 1488 1595 1542 expediri

86 1557 135 1598 de
168 1572 252 1599 uno
284 1558 398 1612 pisce
431 1573 527 1600 cum
559 1561 729 1600 amante
761 1560 1047 1612 cemparando
1087 1574 1344 1614 quamquam
1386 1561 1428 1599 et
1469 1561 1596 1599 antea

85 1627 244 1669 dictum
284 1631 349 1670 est
380 1631 422 1670 et
453 1628 693 1683 insequitur
723 1629 861 1670 itidem
892 1630 962 1671 isti
992 1633 1153 1671 amator
1193 1644 1248 1670 sc.
1280 1631 1327 1670 ut
1367 1628 1496 1683 piscis
1515 1626 1595 1683 ¹⁰4),

83 1711 218 1751 neque
260 1697 435 1739 offensio
478 1698 592 1739 haud
634 1713 745 1739 vana
784 1698 930 1749 vitari,
975 1699 1086 1753 quod
1125 1700 1161 1740 si
1199 1699 1284 1740 iam
1321 1714 1370 1740 eo
1410 1699 1595 1740 amantis

84 1767 277 1822 capiendi
303 1767 532 1823 descriptio
559 1769 762 1823 perducta
794 1772 859 1810 est
890 1770 1078 1810 donicum
1109 1770 1248 1810 edeeoeit
1274 1770 1400 1822 foras,
1431 1769 1594 1810 incom-

85 1838 255 1880 modum
286 1839 560 1893 ineptumque
593 1841 658 1880 est
689 1853 770 1893 quo
796 1840 990 1894 pergitur
1015 1840 1178 1880 interim
1197 1840 1265 1880 ille
1282 1839 1449 1880 hamum
1467 1842 1594 1880 vorat.

185 1978 264 2021 103)
293 1976 351 2011 Sic
376 1977 440 2012 ille
466 1978 707 2022 perpurgavit
732 1989 857 2012 versus
883 1977 1017 2022 (Scorti
1042 1978 1181 2012 lenones
1206 1978 1312 2021 quasi
1335 1978 1454 2011 sedent
1468 1976 1592 2020 BCD):

320 2048 416 2081 Nam
442 2049 472 2081 si
497 2058 678 2091 nusquam
704 2047 793 2082 alibi
817 2049 917 2090 sunt,
945 2047 1079 2082 circum
1105 2046 1334 2092 argentarias

320 2106 449 2141 Scorta
475 2107 512 2140 et
536 2106 684 2141 lenones
710 2105 773 2150 qui
799 2105 968 2140 adsident
994 2103 1158 2148 cottidie,

317 2165 370 2199 Ea
393 2165 544 2199 nimiast
567 2165 673 2201 ratio,

85 2235 200 2270 Versu
225 2239 270 2270 50
302 2247 418 2280 nuper
450 2234 650 2280 Seyffertus
675 2234 806 2270 Philol.
838 2235 864 2269 t.
891 2233 1011 2269 XXIX
1036 2246 1071 2278 p.
1098 2237 1165 2269 408
1198 2245 1263 2277 pro
1288 2233 1486 2278 Eri(plus)
1512 2246 1593 2278 pro-

83 2292 208 2337 posuit
240 2293 267 2326 I
274 2291 458 2337 bagdas),
497 2293 595 2337 quod
624 2293 698 2327 iam
723 2292 944 2328 Ritschelius
970 2292 1102 2337 Opusc.
1128 2294 1154 2327 t.
1182 2292 1214 2325 II
1239 2305 1273 2336 p.
1301 2296 1368 2327 386
1395 2292 1595 2327 Camerarii

84 2352 286 2397 scripturae
315 2351 566 2398 Triplo(plus)
598 2352 807 2387 addendum
837 2363 915 2387 esse
941 2351 1230 2393 existimaverat;
1267 2352 1347 2395 foro
1367 2352 1454 2396 plus
1481 2350 1593 2396 Spen-

84 2409 202 2455 gelius
235 2411 307 2453 fere
336 2411 423 2454 plus
456 2410 699 2456 Kiesslingius
734 2410 867 2455 voluit,
905 2410 967 2455 qui
1002 2410 1151 2454 quidem
1175 2422 1209 2444 v.
1236 2413 1279 2444 45
1305 2421 1371 2454 pro
1396 2412 1595 2444 scortorum

80 2469 167 2513 plus
192 2472 241 2503 est
258 2469 338 2518 fere
362 2469 422 2513 (cf.
449 2469 490 2504 Ο,
510 2469 734 2504 Ribbeckius
763 2470 893 2505 ‘Beitoz
919 2480 947 2505 z.
975 2470 1018 2503 L.
1044 2481 1075 2504 v.
1102 2470 1136 2504 d.
1162 2467 1373 2504 lat.'1'art.’
1402 2481 1435 2513 p.
1453 2470 1486 2513 7)
1512 2480 1593 2513 pro—

84 2526 209 2571 posuit
231 2538 278 2561 se.
299 2528 353 2571 pl.
381 2530 430 2561 est
453 2529 567 2570 foro:
595 2528 658 2563 sed
683 2528 752 2563 hoc
778 2529 858 2563 loco
884 2528 971 2572 quin
990 2529 1088 2563 recte
1108 2526 1330 2562 Ritschelius
1353 2528 1410 2561 hic
1434 2527 1593 2562 inserue-

83 2585 133 2620 rit
156 2586 243 2630 post
272 2586 469 2620 scortorum
494 2597 560 2621 nec
586 2587 817 2632 Brugmanus
844 2587 865 2622 1,
894 2599 920 2622 s.
948 2599 974 2622 ε.
1000 2599 1036 2631 p.
1052 2590 1096 2621 50
1122 2585 1309 2620 dubitavit
1332 2597 1400 2620 nec
1427 2597 1506 2631 ego.
1546 2586 1595 2620 At

83 2655 118 2677 v.
145 2647 189 2678 50
219 2644 303 2688 plus
333 2644 431 2678 recte
462 2643 589 2678 iterari
621 2656 694 2679 non
719 2645 953 2689 crediderim,
987 2644 1050 2679 sed
1074 2644 1149 2679 tale
1176 2643 1265 2687 quid
1290 2645 1470 2678 remotum
1497 2655 1592 2678 esse:

86 2702 267 2737 Maio'rem
291 2702 344 2737 ibi
369 2701 563 2746 (rationem
589 2704 662 2747 sc).

183 2775 263 2818 104)
288 2774 352 2808 isti
375 2784 440 2818 pro
466 2777 515 2808 est
540 2784 584 2808 ex
609 2774 727 2808 aureis
746 2774 962 2808 Buecheleri
981 2773 1226 2809 coniectaneis
1253 2776 1319 2818 est,
1345 2774 1476 2818 quibus
1502 2774 1592 2808 item

85 2841 117 2864 v.
145 2834 188 2865 27
213 2832 412 2876 propitiast
437 2832 592 2867 debetur
616 2843 682 2876 pro
706 2833 829 2876 potius
854 2836 902 2867 est
928 2842 970 2866 ac
996 2844 1027 2867 v,
1058 2836 1099 2867 16
1126 2833 1249 2867 im'erit
1274 2844 1338 2876 pro
1366 2833 1497 2867 iniecit.
