1688 2978
693 143 984 184 —51-

81 266 228 295 verum
260 249 389 292 etiam
428 263 572 291 versus
611 248 682 303 qui
717 248 832 290 hunc
869 262 1074 290 conexum
1112 247 1370 289 conturbant
1407 247 1451 288 in
1488 246 1594 302 ipsis

34 310 38 312 “
82 322 295 364 codicibus
332 322 421 361 tam
458 333 658 374 perverso
697 319 844 378 ordine
881 319 1031 373 inseri,
1073 320 1120 359 ut
1159 318 1226 360 vel
1269 318 1367 360 inde
1407 319 1594 373 suspicio

82 395 288 448 augeatur
320 406 370 433 ex
403 390 595 446 margine
627 404 699 432 eos
732 389 918 432 adscitos
951 403 1060 431 esse:
1097 388 1181 430 iam
1220 389 1286 431 vel
1325 404 1420 431 eum
1453 392 1593 431 mente

81 464 250 516 captum
277 475 369 502 esse
390 460 605 515 concedes,
625 460 697 515 qui
722 460 772 501 de
798 460 1022 501 histrionis
1048 459 1263 501 cuiusdam
1291 460 1595 514 additamento,

80 546 167 572 non
199 531 248 572 de
281 546 398 572 mera
429 531 667 585 miseraque
698 531 1032 585 interpolatione
1064 531 1242 585 cogitet!

198 600 324 642 Tales
364 603 506 642 autem
548 600 721 643 omnino
765 600 810 642 in
853 600 935 642 hac
980 614 1133 641 scaena
1176 599 1529 655 interpolationes
1541 599 1593 657 93)

79 671 220 712 10011111
251 671 409 713 habere
442 672 508 714 vel
540 672 601 713 eis
634 672 707 727 qui
738 675 962 714 occaecato
994 672 1081 713 fere
1109 672 1248 714 studio
1275 672 1440 714 codices
1473 687 1593 714 vene-

79 743 228 783 rantur
257 742 532 796 persuadebit
563 757 710 785 versus
740 741 773 795 Ι,
802 744 837 798 1,
857 743 931 786 6οε

291 825 594 867 Phronesium:
626 840 726 867 nam
758 826 982 879 phronesis
1014 828 1080 866 cst
1111 825 1396 880 sapientiam).

79 916 160 958 Sed
198 917 281 959 nisi
319 917 488 972 egregie
529 917 657 960 fallor
698 919 854 960 mirum
897 918 978 962 hoc
1021 919 1114 960 loco
1159 919 1331 970 accidit,
1374 921 1422 960 ut
1465 919 1592 961 inter-

78 990 391 1041 pretamentum
425 990 735 1044 superinditum
767 990 824 1031 sit
851 1014 899 1019 -—
930 990 1264 1044 interpolationi.
1315 989 1365 1030 In
1397 1004 1445 1031 eo
1478 990 1592 1031 enim

78 1058 190 1100 facio
224 1073 318 1100 cum
351 1058 611 1102 Dziatzkone
643 1061 672 1104 1.
703 1076 735 1103 s.
768 1076 799 1103 s,
830 1076 874 1115 p,
896 1061 950 1102 57
983 1062 1083 1114 post
1114 1061 1261 1102 verba:

226 1163 269 1194 55
290 1153 512 1195 Postremo
545 1154 590 1195 in
621 1168 777 1210 magno
808 1155 967 1209 populo
999 1154 1042 1195 in
1073 1154 1219 1195 multis
1250 1153 1496 1195 hominibus

289 1224 351 1264 Re
381 1224 554 1277 placida
584 1228 712 1279 atque
745 1225 884 1265 otiosa
920 1224 1043 1265 victis
1074 1223 1271 1265 hostibus

289 1293 445 1335 Amare
479 1297 648 1349 oportet
679 1296 826 1337 omnes
859 1294 931 1348 qui
962 1293 1074 1348 quod
1105 1293 1206 1335 dent
1237 1293 1398 1335 habent

76 1399 162 1426 non
194 1400 320 1440 posse
354 1401 430 1441 per
459 1401 558 1429 nam
589 1388 844 1443 particulam
877 1387 1066 1429 adnecti:

287 1479 400 1522 Nam
425 1480 533 1523 mihi
558 1482 664 1524 haec
689 1482 890 1523 meretrix
917 1496 1022 1536 quae
1053 1480 1122 1522 hic
1152 1481 1284 1522 habet
1307 1480 1588 1523 Phronesium

289 1550 419 1594 Suom
451 1554 604 1595 nomen
637 1567 761 1595 omne
792 1567 842 1594 ex
873 1553 1044 1607 pectore
1077 1550 1264 1593 exmovit
1294 1565 1400 1593 11100.

78 1642 199 1692 Quod
238 1645 351 1686 enim
384 1644 636 1700 Spengelius
669 1646 1035 1688 Plautinissimum
1068 1659 1159 1686 esse
1191 1645 1293 1686 dicit
1324 1646 1588 1700 cogitatione

171 1798 230 1840 93)
256 1796 342 1830 Eius
369 1807 479 1840 quam
498 1796 606 1831 modo
627 1795 821 1841 explanavi
846 1795 1142 1840 interpolationis
1168 1795 1351 1841 insignem
1377 1796 1587 1831 similitudi-

75 1864 161 1888 nem
186 1854 300 1890 habet
324 1856 424 1900 quod
450 1855 554 1900 Capt.
575 1856 601 1899 I,
624 1859 640 1889 1
668 1856 753 1899 post
777 1867 811 1889 v.
832 1858 877 1888 24
903 1854 966 1898 qui
991 1853 1200 1889 inseruntur
1224 1854 1262 1888 in
1287 1854 1391 1889 libris
1417 1855 1588 1889 versiculi

76 1924 149 1947 non
175 1914 327 1949 dubium
352 1916 409 1949 est
433 1914 521 1958 quin
546 1913 755 1959 explicandi
782 1924 892 1948 causa
910 1933 956 1939 -—-
976 1923 1019 1947 ex
1038 1913 1192 1958 prologo
1212 1913 1367 1948 fortasse
1388 1935 1429 1939 —
1452 1914 1587 1949 adiecti

76 1971 150 2005 sint
175 1972 235 2016 (cf.
261 1973 405 2008 Brixius
432 1974 454 2009 l.
480 1973 529 2017 1.).
578 1973 632 2007 De
664 1972 768 2007 hiatu
798 1972 836 2006 in
862 1971 1076 2006 Truculenti
1106 1983 1212 2006 versu
1243 1972 1466 2017 interpolato
1497 1973 1587 2007 item

76 2032 117 2065 ut
141 2030 179 2065 in
204 2042 247 2066 eo
274 2044 383 2077 quem
408 2043 492 2067 mox
517 2031 756 2067 tractabimus
779 2029 878 2066 Nam
902 2030 993 2065 mihi
1016 2030 1101 2065 haec
1125 2032 1295 2067 me'retrioe
1324 2042 1406 2066 raro
1431 2031 1587 2067 fortasse

76 2090 244 2134 exemplo
270 2102 353 2125 cum
379 2091 565 2136 Gepperto
591 2091 767 2126 facientes
793 2090 958 2125 dicamus
983 2090 1072 2124 licet
1097 2090 1271 2124 sollemne
1302 2090 1394 2124 illud
1429 2091 1585 2125 ‘hiatum

76 2157 148 2181 non
174 2148 361 2185 sollicito’.
412 2150 450 2185 Si
474 2151 599 2186 tamen
631 2150 872 2186 removendus
904 2151 976 2193 est,
1002 2150 1159 2195 puerulo
1185 2148 1409 2193 scripserim,
1442 2149 1486 2184 de
1513 2162 1586 2194 quo

75 2205 150 2240 iam
188 2207 407 2252 Spengelius
444 2209 632 2255 cogitavit.
689 2209 925 2244 Deminutivo
962 2208 1123 2253 reposito
1168 2208 1281 2243 etiarn
1317 2208 1449 2242 Bacch.
1481 2221 1514 2243 v.
1543 2213 1586 2242 65

75 2264 341 2301 restituendus:

124 2322 219 2365 Quid
245 2325 291 2359 ab
317 2325 386 2361 hac
411 2328 571 2362 metuis?
611 2328 706 2369 Quid
732 2338 800 2372 ego
825 2329 988 2362 metuam
1012 2326 1175 2371 rogitas?
1201 2325 1415 2361 adulescens
1440 2326 1562 2369 homo,

75 2391 138 2426 ubi
164 2403 245 2426 cum
276 2393 378 2428 homo
403 2394 609 2431 adulescens
633 2395 671 2430 in
697 2395 802 2431 libris
827 2396 885 2440 sit,
912 2396 994 2431 coll.
1020 2408 1053 2430 v.
1074 2399 1118 2430 88
1144 2395 1252 2430 Fieri
1275 2396 1331 2430 nil
1351 2397 1483 2439 pote'st,
1513 2407 1587 2431 noa:

75 2451 205 2484 mulier
222 2451 348 2485 vinum
366 2453 505 2488 homini
523 2455 788 2489 adulescentulo
807 2455 978 2498 equidem
1003 2455 1103 2488 homo
1128 2455 1416 2489 adulescentulus
1439 2457 1586 2499 praetu—

75 2507 180 2543 lerim
206 2509 244 2543 et
267 2519 375 2554 roqas
398 2522 464 2555 pro
489 2513 627 2557 royitas
652 2512 780 2548 eadem
805 2512 948 2548 ratione
974 2524 1007 2547 v.
1034 2516 1101 2547 206
1126 2511 1165 2546 111
1190 2512 1219 2546 Β
1245 2523 1440 2557 perperam
1464 2513 1584 2557 illat03

75 2567 119 2602 cf.
144 2577 252 2612 royas
275 2579 309 2602 v.
330 2571 409 2603 206.
431 2573 510 2605 216.
531 2574 610 2605 258.
631 2575 711 2606 331.
733 2574 812 2606 802.
834 2574 918 2613 980,
945 2581 1027 2605 011111
1052 2583 1084 2606 v.
1108 2575 1197 2606 1195
1222 2573 1359 2616 royitas
1383 2572 1428 2607 (10
1453 2572 1587 2607 iterata

76 2625 290 2670 quaestione
328 2629 532 2671 usurpetur.
585 2629 815 2675 Quamquam
854 2629 966 2674 probe
1004 2628 1077 2665 scio
1121 2641 1193 2665 non
1231 2641 1355 2666 severe
1392 2631 1587 2666 discrimen

75 2685 223 2721 servari.
768 2724 772 2728 .

170 2745 228 2788 94)
260 2744 302 2778 111
327 2736 400 2788 quo
426 2757 540 2780 unum
570 2746 714 2782 mireris
745 2757 879 2792 operae
910 2747 1069 2792 pretium
1100 2746 1211 2782 fuisse
1238 2748 1436 2794 Spengelio
1467 2750 1521 2785 ita
1550 2750 1587 2784 in

75 2813 220 2838 versum
240 2804 353 2838 verba
371 2803 554 2849 redigere,
580 2807 623 2841 ut
647 2806 745 2851 quod
770 2806 954 2842 sententia
977 2806 1140 2852 postulet
1164 2818 1322 2843 nomen
1347 2808 1385 2843 in
1410 2810 1587 2853 φρόνηειν

74 2861 236 2895 mutarit.
598 2878 606 2880 *

1258 2925 1305 2959 4*
