1688 2978
702 81 961 121 „2—

77 184 182 224 mihi
214 184 504 225 disserendum
541 185 637 238 erit,
670 186 922 239 praesertim
950 200 1045 228 cum
1071 186 1246 241 Bergkii
1272 184 1427 226 iudicio
1449 183 1595 224 Fleck-

75 253 243 295 eisenus
271 253 576 308 subscripserit
588 253 622 310 2)
649 255 938 309 maioremque
965 255 1267 297 auctoritatem
1293 246 1595 297 conciliaverit.

193 393 462 447 Quamquam
495 409 578 436 uno
611 394 764 435 saltem
797 395 992 448 exemplo
1025 395 1116 449 ipse
1150 395 1449 437 Fleckeisenus
1483 395 1596 436 lucu-

74 464 211 504 lenter
243 465 540 518 comprobavit
571 465 803 520 Bergkium
835 480 1061 519 perperam
1096 467 1276 507 abusum
1309 480 1400 507 esse
1432 466 1476 506 in
1506 479 1594 506 rem

74 533 452 575 demonstrandam
463 534 508 590 3).
551 535 725 576 Etenim
758 549 905 576 versus
930 534 985 588 ΙΙ,
1011 536 1051 590 4,
1071 536 1126 577 29
1139 551 1199 590 sq.
1233 551 1327 578 cum
1353 537 1396 577 in
1423 535 1457 577 A
1486 535 1596 577 tales

75 607 264 645 exstent:

288 689 436 716 uerum
469 677 703 729 tempestas
735 675 949 730 quondam
983 676 1082 717 dum
1115 677 1251 718 uiuixi
1283 677 1365 718 fuit

288 759 384 790 cum
416 746 528 785 inter
559 760 637 785 nos
671 745 949 786 sordebamus
982 747 1091 786 alter
1123 746 1172 786 de
1206 747 1361 799 altero,

76 814 119 855 in
151 813 185 854 P
217 813 424 869 autem⁴):

288 900 436 926 uerum
469 888 703 939 tempestas
736 885 908 927 memini
943 885 1158 940 quondam
1189 886 1273 927 fuit

287 968 382 997 cum
415 956 527 998 inter
558 971 636 998 nos
670 956 938 999 sorderemus
972 956 1117 1011 alteri,

77 1027 278 1082 quoniam
310 1030 464 1069 neutra
497 1028 708 1082 scriptura
740 1042 815 1069 nec
847 1043 872 1068 a
899 1028 1112 1069 sententia
1136 1042 1215 1068 nec
1243 1043 1268 1068 a
1294 1042 1488 1069 sermone
1520 1040 1596 1067 neo

74 1114 98 1139 a
131 1101 268 1139 metro
302 1101 414 1139 stare
447 1101 606 1152 potest,
645 1098 738 1152 quis
777 1100 1002 1153 utramque
1032 1098 1213 1152 negabit
1245 1098 1299 1138 ad
1335 1112 1462 1138 unam
1497 1112 1595 1138 ean—

75 1169 255 1222 demque
294 1169 547 1210 memoriam
586 1169 777 1209 revocari
816 1172 889 1210 aut
926 1184 1051 1223 posse
1091 1171 1165 1209 aut
1203 1168 1385 1221 debere?
1429 1168 1596 1222 qualem

74 1239 186 1279 hanc
218 1239 321 1280 olim
353 1239 485 1280 fuisse
518 1238 817 1280 Fleckeisenus
851 1239 974 1280 vidit:

285 1312 433 1349 verum
465 1312 700 1362 tempestas
732 1309 907 1349 memini
942 1323 1069 1362 quom
1103 1309 1262 1349 dudum
1295 1308 1378 1348 fuit

287 1394 415 1434 quom
448 1379 559 1421 inter
589 1394 668 1421 nos
702 1379 979 1421 sordebamus
1013 1380 1121 1421 alter
1153 1378 1290 1420 alteri.

76 1448 160 1490 Sed
193 1449 306 1490 idem
341 1450 392 1491 de
432 1450 527 1491 aliis
561 1451 766 1504 exemplis
805 1450 1029 1491 dicendum
1069 1450 1160 1490 erit.
1222 1449 1355 1491 Velut
1385 1448 1444 1502 II,
1469 1449 1513 1502 4,
1541 1448 1595 1489 23

77 1520 190 1574 quod
226 1520 260 1561 A
293 1521 425 1562 habet
455 1521 616 1574 triplici
649 1522 958 1563 allitteratione
991 1524 1205 1563 ornatum:

287 1591 384 1645 plus
417 1591 619 1645 pollicere
653 1606 780 1645 quam
813 1592 889 1632 abs
922 1594 963 1632 te
996 1605 1125 1645 posco
1160 1594 1233 1632 aut
1264 1591 1452 1645 postulo,

75 1662 108 1702 P
141 1676 240 1703 vero
275 1676 369 1703 cum
403 1661 524 1702 hiatu
557 1662 814 1703 bellissimo:

287 1733 387 1786 plus
424 1733 628 1787 pollicere
661 1748 790 1787 quam
823 1746 902 1787 ego
936 1748 961 1773 a
991 1735 1034 1773 te
1065 1733 1256 1787 postulo,

75 1803 168 1858 quis
203 1817 361 1858 quaeso
395 1818 490 1845 cum
517 1803 704 1857 Bergkio
732 1802 788 1857 (p.
815 1802 913 1859 134)
940 1803 1234 1845 Palatinorum
1266 1801 1519 1856 scripturam
1546 1816 1594 1843 ex

74 1875 187 1928 ‘plus
226 1875 428 1927 pollicere
468 1874 649 1928 quamde
688 1887 766 1927 ego
800 1889 824 1914 a
854 1875 896 1914 te
929 1872 1119 1927 postulo'
1158 1876 1295 1914 ortam
1334 1887 1426 1913 esse
1459 1876 1597 1913 sumet

74 1944 219 1997 potius
271 1959 397 1998 quam
453 1943 619 1985 librarii
669 1943 812 1984 oculos
864 1959 888 1984 a
934 1943 1077 1998 pos[co
1125 1942 1222 1997 aut]
1273 1943 1493 1984 aberrasse
1543 1943 1595 1984 ad

72 2013 355 2069 [1›03]tul0⁵)‘?
418 2014 475 2054 Et
506 2013 611 2054 haec
647 2013 817 2066 quidem
856 2013 1147 2068 discrepantia
1183 2013 1361 2067 numqui
1399 2013 1540 2054 differt
1570 2028 1595 2054 a

76 2086 246 2126 diversa
277 2100 424 2126 versus
450 2085 482 2138 Ι,
503 2085 541 2137 2,
562 2085 615 2125 27
650 2084 900 2138 traditione,
933 2100 1062 2139 quam
1094 2084 1226 2138 probe
1248 2084 1457 2138 Bergkius
1491 2085 1594 2125 omi-

78 2156 163 2196 sit?
226 2155 291 2195 lbi
326 2155 439 2196 enim
472 2155 585 2209 quod
618 2155 906 2196 Ambrosiano
940 2155 1159 2196 debemus:

289 2226 395 2266 bene
429 2225 533 2267 dicis
567 2226 834 2279 benigneque
870 2241 997 2266 vocas
1030 2225 1289 2277 Astaphium
1382 2226 1534 2265 amabo

172 2390 206 2432 2)
233 2389 324 2422 Ann.
352 2387 443 2431 phil.
470 2388 497 2422 t.
519 2386 564 2422 Cr
590 2388 636 2430 (a.
660 2388 764 2431 1870)
791 2399 825 2431 p.
849 2391 914 2422 709
928 2398 1005 2430 sqq.

170 2449 206 2491 3)
233 2447 256 2481 l.
285 2459 311 2480 s.
339 2459 365 2482 s.
393 2459 427 2490 p.
451 2449 535 2480 711:
574 2446 626 2479 ‘so
652 2446 731 2480 sehr
756 2447 812 2480 ich
838 2447 887 2480 im
913 2446 1064 2490 princip
1089 2445 1229 2489 Beryks
1253 2445 1394 2480 ansicht
1418 2446 1504 2481 iiber
1528 2447 1596 2481 das

75 2507 289 2541 verlec'c'ltniss
309 2507 372 2541 der
392 2506 517 2540 beiden
536 2506 766 2540 recensionen
785 2516 830 2539 zu
849 2506 1024 2540 einander
1042 2505 1106 2547 ίαν
1125 2504 1256 2548 riehtiy
1274 2505 1368 2538 halte
1380 2505 1469 2546 (sich
1481 2506 1595 2550 oben),

75 2574 113 2597 so
144 2564 279 2598 scheint
310 2575 347 2598 er
378 2565 449 2599 mir
481 2564 570 2598 doch
601 2564 678 2597 hier
709 2564 784 2598 sich
815 2565 864 2598 im
889 2565 1022 2598 irrtum
1047 2574 1091 2597 zu
1124 2562 1295 2605 beflndcn.
1346 2563 1469 2598 beiden
1493 2565 1593 2599 fiber-

76 2623 299 2666 Zieferunyen
325 2623 408 2666 lieyt
433 2623 600 2657 vielmehr
625 2623 702 2656 cine
727 2623 862 2667 eineiye
886 2623 1039 2666 fassuny
1064 2632 1110 2655 zu
1133 2621 1300 2665 yrunde’.

171 2683 206 2724 4)
233 2681 303 2714 Per
322 2680 350 2713 P
371 2692 453 2715 cum
473 2680 635 2725 Bergkio
662 2673 829 2725 significo
856 2681 1024 2715 codicum
1043 2681 1135 2715 BCD
1157 2681 1372 2724 scripturam
1395 2683 1461 2716 aut
1485 2681 1595 2725 plane

75 2739 141 2773 aut
164 2749 282 2782 paene
309 2739 610 2774 consentientem.

171 2798 206 2840 5)
234 2797 286 2832 Cf.
314 2797 557 2841 Kiesslingius
583 2800 675 2832 Anu.
702 2799 792 2842 phil.
820 2800 845 2832 t.
874 2799 1004 2833 XCVII
1032 2799 1078 2841 (a.
1103 2801 1205 2842 1868)
1231 2810 1265 2842 p.
1288 2802 1365 2833 615.
