1688 2978
285 194 304 211 ss

81 219 192 274 quod
231 217 470 273 ‘expetere',
508 218 750 273 ‘exoptare’‚
788 218 919 261 semel
959 219 1089 261 etiam
1130 218 1438 262 ‘exobsecrare'
1478 218 1597 261 Asin.

79 304 117 331 v.
143 289 247 344 246,
288 303 384 331 cum
420 287 495 330 alii
532 288 615 330 loci
652 289 806 331 docent
842 291 935 331 tum
972 290 1045 345 qui
1084 305 1193 331 unus
1227 289 1387 332 sufficit
1419 289 1471 331 ad
1504 303 1596 343 per-

80 360 339 401 suadendum
374 359 506 403 Stich.
537 376 574 402 v.
603 362 657 403 70
669 376 775 415 sqq.:

140 443 428 508 Exorando,
453 453 587 496 haud
614 453 930 496 advorsando
958 454 1208 496 sumendam
1230 468 1402 508 operam
1423 455 1594 495 censeo:

141 522 334 565 Gratiam
366 524 407 565 si
438 526 542 579 pace
575 525 813 579 petimus,
846 526 970 579 spero
1004 526 1057 567 ab
1090 539 1139 566 eo
1171 525 1489 579 impetrassere,

144 581 423 635 Advorsari
456 593 545 636 sine
572 595 775 637 dedecore
802 597 844 637 et
870 595 1024 637 scelere
1051 609 1216 636 summo
1244 595 1329 636 hau
1357 596 1595 649 possumus.

141 662 288 717 Neque
314 678 393 718 ego
421 680 513 706 sum
545 665 712 707 factura
735 679 872 719 neque
898 667 945 705 tu
970 666 1018 705 ut
1049 664 1181 705 facias
1214 664 1439 705 consilium
1472 663 1595 716 dabo,

143 732 303 775 Verum
334 737 382 777 ut
414 736 651 778 exoremus:
683 735 783 778 novi
816 749 895 790 ego
926 737 1116 789 116str0s‚
1148 735 1409 777 exorabilist.

83 826 148 868 Ob
179 826 319 881 ipsam
352 830 496 870 autem
527 828 744 870 notionem
776 831 896 883 patet
927 843 1053 883 quam
1095 843 1230 882 prona
1260 828 1413 869 horum
1445 828 1593 868 verbo-

82 912 176 939 rum
208 899 466 951 permutatio
498 899 638 940 fuerit.

199 967 291 1009 Iam
334 984 433 1010 vero
478 969 561 1010 duo
606 983 657 1010 ex
699 969 880 1023 prologo
925 969 1008 1011 loci
1051 970 1215 1010 restant
1256 968 1501 1010 difficillimi
1546 983 1595 1010 ac

81 1053 215 1092 prope
247 1038 476 1092 desperati,
509 1053 689 1092 quorum
722 1039 1253 1093 arcte'comprehendenda
1284 1038 1488 1080 tractatio
1521 1042 1596 1080 est..

87 1107 226 1149 Versu
258 1108 371 1149 enim
403 1108 430 1149 5
462 1123 557 1149 cum
590 1110 744 1149 exstet:

228 1201 383 1243 Melior
413 1217 480 1242 me
512 1202 636 1255 quide
668 1202 792 1243 uobis
823 1216 889 1243 me
923 1202 1163 1243 abiaturum
1196 1201 1284 1242 sine
1316 1216 1456 1255 mora,

84 1296 167 1337 dici
197 1295 345 1350 nequit
376 1294 503 1349 qiiam
534 1295 646 1336 male
678 1294 802 1337 foeda
832 1294 937 1336 haec
969 1295 1175 1337 librorum
1203 1294 1453 1349 depravatio
1480 1295 1594 1337 criti-

83 1379 154 1406 cos
186 1365 395 1406 habuerit.
454 1365 533 1414 Qui
566 1379 672 1420 quae
705 1365 1279 1419 excogitarunt'enumerare
1311 1366 1486 1421 longum
1520 1369 1596 1418 est,

84 1435 285 1490 quoniam
315 1450 439 1477 nemo
472 1438 690 1477 assecutus
723 1437 789 1476 est
826 1435 938 1490 quod
976 1438 1048 1476 aut
1087 1436 1236 1477 ceteris
1277 1439 1351 1478 aut
1392 1436 1475 1478 sibi
1514 1436 1597 1490 ipsi

84 1506 215 1547 etiam
247 1503 587 1559 satisfaee1·et8¹).
648 1504 839 1546 Permira
878 1508 1020 1546 autem
1058 1506 1222 1547 ratione
1256 1520 1356 1546 usus
1390 1505 1595 1547 Dziatzko

84 1590 252 1616 versum
282 1575 592 1629 interpolatum
624 1590 734 1624 esse,
748 1575 831 1616 sibi
862 1576 1076 1629 persuasit
1102 1590 1150 1616 ex
1177 1576 1317 1617 melior
1348 1576 1492 1617 dicens
1528 1577 1597 1617 vix

66 1645 200 1687 aliud
233 1660 359 1700 quam
396 1646 566 1687 meditor
602 1645 713 1687 effici
753 1660 879 1699 posse
917 1645 1041 1700 idque
1081 1646 1273 1700 ineptum
1313 1643 1475 1700 666682).
1538 1646 1597 1687 At

83 1717 224 1758 hercle
255 1731 342 1757 non
373 1715 493 1757 video
528 1716 628 1769 quid
662 1716 757 1757 inde
790 1718 1072 1770 consequatur
1104 1717 1324 1757 lenissima
1355 1719 1597 1757 correctura

83 1786 195 1841 quod
228 1786 434 1828 efficimus
466 1800 574 1841 quae
606 1801 683 1827 nec
716 1788 844 1841 poeta
877 1786 998 1827 edere
1030 1786 1171 1841 potuit
1202 1800 1279 1827 nec
1311 1785 1591 1839 interpolator

85 1857 151 1898 vel
190 1857 364 1911 ignarus
403 1871 536 1910 paene
575 1856 783 1898 sermonis
820 1856 961 1897 latini:
1001 1871 1101 1897 nam
1139 1856 1257 1897 verbi
1293 1857 1463 1897 meditor
1500 1870 1596 1896 culn

84 1926 295 1968 infinitivo
336 1927 469 1967 futuri
510 1926 797 1980 coniungendi
839 1925 1241 1967 artificiosissimum
1281 1925 1432 1966 vitium
1473 1928 1598 1978 esset,

84 2011 167 2050 quo
200 1995 272 2050 qui
303 1996 397 2050 quis
429 1995 567 2037 delabi
599 1996 736 2049 possit
766 2010 833 2036 me
866 1997 976 2036 certe
1008 1995 1131 2050 fugit.
1194 1994 1353 2044 Quodsi
1383 1995 1540 2036 iterum
1573 2010 1598 2035 a

86 2065 318 2117 sententia,
357 2081 445 2108 non
477 2081 502 2107 a
531 2066 687 2107 litteris
721 2064 1046 2120 proficiscimur,
1085 2064 1270 2119 primum
1302 2064 1505 2119 quoniam
1537 2065 1597 2105 lo-

86 2151 180 2177 cum
223 2138 352 2189 poeta
388 2136 683 2189 postulaverat
721 2136 913 2177 Athenas
957 2149 1038 2189 quo
1083 2135 1310 2188 conferat,
1353 2135 1600 2175 ablaturum

84 2205 173 2246 iam
206 2205 260 2246 ab
291 2204 414 2246 Italis
445 2205 613 2247 illatum
654 2206 810 2247 falsum
843 2218 934 2246 esse
967 2206 1143 2258 apparet
1173 2206 1215 2245 et
1245 2204 1492 2245 adlaturum
1525 2219 1598 2257 po-

87 2275 172 2315 tius
218 2274 495 2316 scribendum.
558 2275 639 2316 Sed
682 2276 940 2330 promiserat
978 2288 1021 2315 se
1059 2276 1324 2316 conlaturum
1364 2289 1455 2315 esse
1494 2273 1599 2314 ‘sine

23 2394 26 2398 4
88 2342 346 2385 architectis'
379 2344 491 2399 quod
523 2358 725 2399 quorsum
757 2344 1012 2385 trahendum
1045 2346 1128 2398 est,
1167 2344 1253 2384 nisi
1285 2346 1331 2384 ut
1363 2358 1465 2397 ore,
1502 2358 1600 2384 non

85 2430 138 2455 re
171 2429 215 2456 se
247 2417 636 2468 transportaturum
662 2415 865 2469 oppidum
898 2430 988 2457 esse
1020 2414 1242 2456 intendat?
1275 2414 1463 2468 Numqui
1497 2428 1598 2468 ergo

180 2532 238 2574 81)
265 2530 317 2564 Cf.
344 2531 490 2574 praeter
520 2531 677 2565 editores
709 2531 907 2575 Seyffertus
932 2529 1063 2565 Philol.
1089 2530 1114 2564 t.
1136 2529 1272 2564 XXVII
1298 2542 1333 2574 p.
1354 2534 1420 2565 461
1449 2530 1598 2573 (Luchs-

90 2587 253 2624 Studem.
276 2588 378 2622 stud.
400 2600 434 2633 p.
456 2589 532 2633 49),
557 2587 800 2633 Kiesslingius
820 2588 843 2621 1.
865 2599 891 2621 s.
913 2599 938 2621 s.
965 2599 1000 2631 p.
1022 2591 1106 2629 618,
1133 2585 1297 2631 Buggius
1317 2586 1339 2620 l.
1362 2598 1387 2620 s.
1409 2599 1435 2621 s.
1462 2599 1496 2630 p.
1519 2592 1597 2621 401.

182 2649 241 2691 82)
266 2648 287 2683 l.
317 2660 343 2682 s.
370 2660 397 2683 s.
423 2660 457 2691 p.
480 2652 540 2682 60:
587 2647 682 2682 ‘Aus
712 2647 789 2682 dem
820 2646 950 2681 melior
980 2646 1043 2680 der
1073 2645 1364 2689 Hand-§christan
1394 2646 1487 2681 wird
1516 2657 1602 2680 man

89 2705 198 2739 kaum
223 2709 330 2740 etwas
347 2706 511 2740 Besseres
535 2706 681 2739 macheu
705 2706 846 2739 konnen
871 2705 925 2738 als
950 2703 1117 2738 meditor.
1161 2703 1286 2737 Dieses
1311 2704 1396 2738 aber
1420 2705 1468 2738 im
1488 2704 1602 2738 Sirme

86 2774 156 2797 von
183 2764 394 2809 ερεᾱεφιῙσεη,
418 2764 612 2799 vorhaben’
649 2765 714 2799 mit
744 2765 822 2799 dem
847 2774 920 2798 acc.
946 2774 974 2799 e.
1001 2763 1068 2806 inf.
1095 2773 1140 2797 zu
1167 2763 1359 2798 verbinden
1384 2763 1430 2797 ist
1455 2765 1600 2807 unmo'q-

86 2821 171 2855 lich’
200 2824 268 2857 cet,
