1688 2978
684 100 976 141 -24—

70 205 385 247 Gravissimum
431 206 525 247 dico
569 206 860 261 fragmentum
905 206 1008 260 quia
1047 221 1133 248 non
1174 206 1300 248 modo
1345 204 1421 249 τοῦ
1465 207 1587 249 ξένου

70 277 273 319 notitiam
299 278 452 331 sponte
479 276 532 318 ad
558 274 807 318 Strabacem
838 275 1076 331 referimus,
1107 290 1254 317 verum
1286 277 1416 319 etiam
1448 277 1589 319 claris-

72 347 176 388 sime
208 347 306 387 inde
338 347 636 401 cognoscimus
668 360 830 387 errasse
861 345 1156 400 Ladewigium
1187 346 1589 402 Dziatzkonemque,

71 417 143 471 qui
183 432 208 458 a
239 416 396 458 Plauto
435 415 605 457 demum
642 414 862 457 Strabacis
899 417 1044 469 partes
1083 429 1177 456 cum
1216 414 1476 459 Stratullace
1514 431 1590 471 per

71 486 483 528 contaminationem
514 486 559 526 in
590 485 784 526 fabulam
812 485 1082 526 'introductas
1114 499 1207 526 esse
1239 485 1590 542 opinarenturffi).

72 557 191 598 Haec
223 555 336 597 enim
362 555 480 596 tertii
506 555 724 609 amatoris,
755 555 991 609 Diniarchi,
1022 555 1152 596 verba
1179 569 1271 597 esse
1297 559 1487 611 apparet,
1518 557 1588 598 ubi

72 627 117 668 in
149 640 347 668 scaenam
380 625 595 679 prodiens,
633 627 681 666 ut
712 626 835 667 miles
868 625 969 680 quid
1000 625 1061 667 rei
1093 629 1196 681 agat
1228 627 1508 680 certiorvfiat,
1539 627 1589 668 de

71 712 185 740 novo
219 697 411 737 amatore
444 695 497 736 ab
530 694 744 750 Astaphio
777 695 995 750 comperit.

190 765 420 819 Hucusque
459 766 602 807 omnia
639 766 691 807 ad
729 767 938 820 optimum
970 770 1222 808 concentum
1255 782 1590 821 consensumque

72 838 348 877 revocantur:
392 851 492 877 nam
530 836 661 878 etiam
698 836 931 878 meretricis
970 839 1114 891 partes
1152 837 1284 879 fuisse
1316 838 1359 879 in
1391 837 1590 892 Sicyonio

71 921 168 947 cum
194 921 270 960 per
296 921 339 947 se
366 906 454 947 veri
480 906 619 947 simile
646 908 711 947 est
736 909 826 947 tum
853 922 901 948 ex
928 906 1283 961 Harpocrationis
1313 908 1590 950 adnotatione

72 976 347 1030 consequitur
378 991 417 1030 p.
442 976 514 1017 17:
547 975 826 1018 Ἀναίνεεθαι·
858 979 1009 1018 κοινῶς
1042 975 1377 1029 μὲν’ἀρνεῑ(θαι,
1405 977 1517 1019 ἰδίως
1544 979 1589 1018 δὲ

72 1049 141 1090 ἐπὶ
172 1051 260 1090 τῶν
291 1048 397 1089 κατὰ
427 1049 527 1089 τοὺς
552 1047 713 1098 γάμου(
739 1049 805 1088 καὶ
836 1049 888 1088 τὰ
918 1047 1143 1099 ἀφροδίεια
1174 1047 1249 1102 (sc.
1280 1049 1590 1101 ἀναινομένων)

75 1119 242 1168 λέγεται
255 1115 320 1173 ¹¹⁰).
378 1118 629 1169 Μένανδρος
655 1117 878 1172 (ικυωνίῳ.
929 1116 1103 1173 ‘Negat'
1136 1120 1278 1160 autem
1311 1117 1591 1160 Phronesium

73 1191 115 1230 et
148 1188 427 1242 Stratophani
461 1191 504 1230 et
535 1188 785 1231 Diniarcho.

168 1344 227 1385 48)
260 1341 440 1375 Dziatzko
471 1342 595 1375 autem
621 1341 720 1384 quod
747 1341 838 1375 dicit
862 1341 886 1376 l.
914 1353 939 1376 s.
968 1353 993 1375 s.
1020 1353 1055 1386 p.
1083 1346 1144 1376 62:
1179 1341 1252 1375 ‘die
1276 1341 1423 1384 Scenen,
1448 1343 1489 1376 in
1514 1343 1590 1377 wel-

72 1400 159 1434 chen
190 1399 252 1433 der
282 1398 313 1432 T
313 1398 524 1432 ruculentus
554 1399 634 1433 und
667 1399 745 1433 sein
770 1398 869 1433 Herr
901 1399 1099 1442 auftreten‚
1130 1399 1248 1433 lassen
1278 1400 1353 1434 sich
1384 1400 1472 1434 ohne
1497 1401 1593 1435 allen

75 1459 244 1493 Schaden
268 1459 333 1500 fiir
358 1458 416 1492 die
444 1458 653 1492 Oekonomie
678 1459 974 1500 hcrausnehmen,
1011 1459 1168 1492 niimlich
1195 1459 1265 1501 II,
1290 1463 1334 1501 2,
1373 1460 1470 1501 ΙΙΙ,
1496 1463 1527 1494 1.
1554 1464 1593 1502 2,

73 1527 174 1550 wozu
198 1515 290 1549 ‘noch
311 1515 374 1557 II,
390 1518 423 1557 1,
438 1518 484 1549 35
498 1516 535 1558 ff.
556 1515 831 1559 hinzulcommt',
858 1515 897 1550 id
916 1526 1043 1550 verum
1068 1527 1141 1550 non
1167 1527 1244 1550 esse
1270 1516 1349 1561 ipse
1375 1516 1486 1551 evicit
1510 1528 1592 1550 cum

74 1575 206 1609 addat:
247 1574 372 1609 ‘Sonst
397 1574 509 1616 findet
533 1574 596 1608 der
621 1575 730 1608 dritte
754 1574 954 1609 Liebhaber
978 1575 1041 1609 der
1068 1574 1307 1609 Phronesium
1332 1587 1404 1609 nur
1429 1576 1518 1609 noch
1544 1576 1592 1609 im

76 1636 192 1667 ersten
221 1631 253 1666 Τ
253 1632 324 1667 keil
348 1642 419 1666 von
445 1632 471 1665 I
480 1631 520 1674 V,
546 1635 572 1667 2
598 1632 676 1666 und
700 1632 741 1666 in
764 1633 828 1666 der
853 1632 1097 1667 Schlussscene
1122 1643 1191 1666 von
1224 1632 1263 1667 V.
1279 1637 1332 1669 22
1359 1645 1409 1668 an
1433 1634 1591 1668 Boo-ack-

72 1692 304 1737 sichtiyun9.’
345 1691 443 1726 Nam
475 1690 532 1725 his
557 1690 648 1735 ipsis
674 1691 736 1726 ubi
759 1691 980 1736 ‘praeterea’
1009 1692 1234 1727 memoratur
1259 1691 1349 1727 locis
1375 1691 1593 1737 simpliciter

74 1751 255 1786 removeri
286 1751 427 1795 nequit.
483 1750 651 1795 Denique
682 1750 781 1794 quod
813 1750 942 1785 adicit:
984 1751 1053 1786 ‘Ja
1084 1751 1126 1785 in
1156 1751 1222 1794 II,
1247 1754 1280 1795 3,
1306 1755 1352 1786 15
1372 1752 1410 1795 ff.
1443 1750 1589 1795 (Nescio

75 1822 184 1855 quem
210 1811 490 1855 praestolatast:
517 1809 625 1846 credo
651 1809 844 1845 militem
876 1822 910 1854 q.
937 1811 991 1855 s),
1028 1821 1081 1846 wo
1106 1810 1334 1857 Diniarchus
1359 1811 1436 1846 eine
1460 1811 1593 1853 salecho

82 1870 329 1913 Vermuthzmq
354 1869 583 1911 ausfahrlich
608 1869 823 1912 ausspricht,
848 1869 983 1902 scheint
1006 1870 1082 1903 sich
1106 1870 1165 1903 ein
1184 1870 1455 1913 clirekterBeley
1480 1870 1594 1911 dasz'ir

74 1929 235 1963 erhalten
260 1939 305 1962 zu
330 1928 458 1969 haben,
483 1919 568 1962 das‘s
592 1928 642 1962 im
665 1927 905 1971 yriechischen
922 1926 1091 1972 Oriyinal
1105 1927 1194 1962 Dm.
1215 1939 1288 1962 nur
1307 1928 1433 1963 einen
1451 1927 1591 1962 Neben-

75 1988 198 2022 buhler
222 1986 344 2029 hatte,’
372 1986 411 2020 id
436 1997 494 2020 me
519 1986 630 2030 plane
655 1996 729 2020 non
754 1984 969 2029 intellegere
995 1986 1123 2020 fateor.
1162 1986 1255 2020 Nam
1277 1997 1358 2020 cum
1376 1985 1594 2020 Diniarchus

74 2048 155 2081 tum
181 2043 341 2080 maxime
367 2044 414 2078 ab
440 2042 620 2088 Astaphio
646 2043 803 2078 militem
827 2043 902 2078 iam
928 2043 1140 2078 adfuturum
1168 2055 1243 2079 esse
1269 2043 1506 2088 compererit,
1541 2042 1593 2078 sa-

76 2105 155 2140 cilis
186 2106 224 2139 et
254 2113 371 2148 prona
397 2102 473 2136 eius
499 2102 661 2146 suspicio
688 2103 751 2136 est.
802 2101 873 2136 Sed
905 2102 1049 2136 accedit
1075 2102 1172 2146 quod
1199 2101 1291 2136 dicit
1318 2103 1471 2137 ‘credo
1498 2101 1593 2136 mili-

75 2163 180 2207 tem’‚
207 2163 249 2197 ut
274 2160 516 2196 nihilominus
542 2171 650 2205 posse
671 2160 783 2195 etiam
804 2160 918 2194 alium
937 2160 1203 2205 praestolatam
1224 2171 1300 2195 esse
1321 2160 1494 2195 ancillam
1513 2160 1593 2205 ipse

75 2224 214 2258 innuat.

171 2294 230 2335 49)
268 2292 364 2336 Apte
396 2291 466 2325 hoc
499 2289 623 2336 graeci
656 2289 758 2324 verbi
789 2302 857 2324 usu
887 2289 1039 2325 Publilii
1065 2290 1145 2335 Syri
1175 2290 1358 2326 sententia
1387 2290 1594 2325 illustratur

76 2365 109 2387 v.
127 2351 261 2386 532R.:
290 2350 390 2394 Quae
414 2350 492 2384 υιὶῖι
516 2349 633 2384 videri
659 2349 751 2383 be'lla
776 2349 885 2383 nimis
909 2350 1006 2384 nulli
1029 2353 1145 2394 neyat,
1172 2350 1234 2384 ubi
1259 2349 1447 2385 Nauckius
1473 2359 1593 2384 assen-

76 2410 193 2444 tiente
224 2408 300 2443 fere
327 2407 532 2442 Ribbeckio
564 2407 660 2441 nulli
679 2407 800 2450 placet
825 2407 1006 2442 mutabat.
1056 2407 1127 2442 Sed
1152 2408 1248 2442 nulli
1272 2411 1378 2453 neyat
1403 2408 1595 2443 confirmat

76 2481 109 2504 v.
125 2471 210 2503 351:
240 2467 375 2501 Multis
389 2467 533 2510 placere
552 2466 646 2510 quae
662 2465 774 2509 cupit,
791 2465 890 2509 culp
899 2466 962 2500 dm
981 2466 1090 2510 cupit.
1121 2464 1306 2510 ‘Culpam’
1329 2465 1427 2501 enim
1446 2465 1594 2511 proprio

77 2528 122 2561 de
147 2527 202 2561 rei
227 2536 402 2560 venereae
430 2525 546 2559 abusu
572 2523 754 2567 adhiberi,
781 2523 876 2558 sicut
900 2535 966 2558 nos
991 2525 1036 2559 de
1062 2535 1106 2559 ea
1124 2523 1359 2568 potissimum
1379 2535 1594 2568 usurpamus

79 2585 190 2619 ‘sedne
210 2584 394 2618 Umehuld
412 2583 613 2627 verlieren',
639 2583 786 2627 praeter
805 2582 1047 2627 posteriorum
1067 2583 1285 2627 scriptorum
1304 2582 1405 2618 locos
1431 2583 1478 2626 (v.
1493 2581 1595 2627 Lex.)

78 2643 232 2677 Plautus
266 2641 374 2676 docet
405 2643 514 2677 Poen.
544 2642 585 2684 V,
611 2645 650 2684 4,
678 2645 738 2674 13:
776 2651 815 2675 eo
838 2652 963 2676 sumus
986 2645 1120 2686 ynatae
1142 2652 1284 2686 ywere,
1321 2645 1362 2675 ut
1386 2642 1506 2675 deceat
1530 2652 1595 2676 nos

77 2713 147 2736 esse
166 2713 190 2735 a
209 2701 318 2744 culpa
337 2703 455 2735 castas
462 2713 474 2742 ;
500 2701 595 2734 Men.
612 2703 696 2734 768:
722 2699 776 2733 Et
800 2699 858 2733 illi
881 2709 1019 2743 quoquc
1045 2699 1144 2742 (dote
1164 2698 1293 2744 fletae,
1313 2698 1468 2742 feroces)
1493 2699 1593 2734 haud

78 2760 258 2794 abstinent
283 2769 387 2802 saepe
411 2760 538 2803 culpem
577 2758 621 2792 cf.
649 2757 763 2792 Stich.
792 2760 851 2800 78,
879 2761 933 2791 84.
984 2758 1036 2791 Ac
1068 2756 1225 2791 similem
1257 2757 1302 2791 de
1334 2756 1458 2801 probri
1490 2757 1590 2792 vocis

78 2830 146 2853 usu
172 2816 465 2853 observationem
488 2816 656 2850 -Brixium
681 2815 788 2849 video
813 2814 933 2850 facere
959 2815 1005 2849 ad
1032 2814 1110 2850 Mil.
1137 2815 1186 2860 gl.
1212 2827 1245 2849 v.
1261 2819 1339 2850 364.
1378 2815 1472 2850 Hinc
1498 2827 1595 2851 nova
